3102 5202
286 281 352 356 ibit
690 297 939 352 curbaranum.
957 298 1150 382 inritato.¹

286 453 348 518 luit
370 455 429 526 vir,
451 451 548 532 idque
570 459 702 530 propter
725 450 1165 541 multitariameruditionem
1188 457 1221 514 et
1242 453 1373 516 labores
1395 472 1453 514 non
1473 455 1510 513 in-

283 559 395 622 utiles.
419 555 505 618 idem
528 572 605 620 vero
628 554 685 618 ubi
706 555 780 618 bino
801 554 961 634 migrarit,
985 573 1108 623 omnem
1132 573 1233 636 prope
1256 555 1511 618 existimationem

287 661 371 738 apud
394 657 534 738 optimos
556 675 701 736 quosque
724 656 841 724 amisit.
885 659 996 736 Neque
1017 662 1182 733 obscurum
1208 667 1272 740 ast,
1292 677 1350 720 our
1373 660 1433 720 hoc
1455 657 1510 718 viro

286 771 391 836 tanto,
410 761 591 840 etquidem
613 761 698 825 iusto
719 761 781 824 Dei
803 759 935 832 iudicio,
956 780 1019 824 uisu
1041 763 1176 829 uenerit.
1210 763 1351 840 Agnovit
1375 761 1511 822 enimve-

286 869 427 939 ritetem,
450 873 482 928 et
506 865 537 926 si
548 866 706 930 voluisset
728 864 950 943 perspicacius
972 866 1106 935 subinde
1131 864 1318 948 etliberiup
1344 864 1512 928 iumediun

287 969 430 1047 prolerre
452 967 620 1048 potuisset,
655 969 715 1033 scd
738 986 809 1030 cum
841 971 901 1040 bae
934 969 968 1030 in
990 985 1025 1030 re
1048 970 1256 1044 uehementer
1277 971 1460 1032 alliceretur
1481 971 1512 1029 la-

288 1088 365 1134 vore
389 1077 566 1150 potentum,
590 1072 642 1148 qui
665 1087 773 1149 wem
787 1073 953 1137 veritatem
974 1073 1042 1136 lere
1064 1073 1150 1137 terre
1171 1089 1233 1135 non
1250 1078 1397 1150 possunt,
1420 1079 1450 1132 et
1470 1087 1513 1148 pe-

286 1178 454 1240 riculorum
476 1183 598 1240 terrore
621 1175 836 1246 cohiberetur,
858 1173 986 1237 interim
1010 1191 1086 1236 uero
1109 1183 1142 1238 el
1157 1176 1326 1246 ueritatem
1351 1176 1514 1238 amantibus

285 1278 459 1356 gratificari
482 1278 590 1351 vellet,
620 1277 737 1354 scripta
759 1295 817 1342 sua
840 1277 888 1339 sio
910 1277 973 1342 sibi
995 1278 1202 1355 temperanda
1223 1261 1359 1356 putavit,
1396 1284 1430 1338 ut
1461 1283 1512 1338 tun

284 1378 482 1460 Evangelioi,
506 1384 570 1446 tum
593 1380 742 1458 Papiriae
765 1380 829 1444 sibi
852 1381 1093 1458 pollicerentur,
1114 1382 1273 1445 Erasmum
1307 1399 1325 1442 a
1350 1380 1421 1442 suis
1444 1389 1513 1442 stare

285 1485 441 1563 pertibus,
465 1499 534 1546 cum
553 1499 669 1546 revera
689 1491 840 1561 utrosque
862 1485 1024 1549 detineret
1048 1501 1232 1563 suspensos,
1255 1503 1293 1547 ac
1315 1485 1456 1548 incertos
1476 1499 1513 1544 re·

285 1586 454 1666 linqueret.
499 1589 545 1650 lu
567 1586 675 1664 itaque
696 1586 846 1665 Philippo
867 1588 999 1665 optino,
1021 1589 1117 1653 irater
1140 1587 1171 1650 in
1195 1588 1327 1652 christo,
1347 1587 1509 1655 carissime,

285 1698 318 1753 et
340 1707 465 1769 semper
488 1690 725 1762 colendissimo,
755 1709 825 1754 cum
848 1690 906 1754 tibi
927 1707 1054 1768 quoque
1078 1693 1243 1754 munificus
1264 1692 1422 1756 Dominus
1443 1690 1511 1752 dona

283 1794 419 1856 eontulit
440 1793 594 1872 ingentio,
627 1809 667 1854 ea
688 1792 737 1854 sio
759 1794 940 1871 dispenses,
977 1795 1094 1866 hortor,
1117 1801 1152 1856 ut
1174 1793 1328 1859 universa
1348 1793 1510 1873 posteritas

282 1902 461 1968 attestetur,
494 1897 647 1959 disertum
671 1904 703 1960 te
734 1904 767 1958 et
789 1895 920 1962 minime
943 1897 1116 1972 ancipitem
1137 1897 1237 1964 luisse
1261 1905 1418 1967 aeternae
1440 1896 1511 1958 veri·

283 2001 375 2072 latis,
397 2004 508 2062 contra
529 2000 772 2070 Antichristum
794 2006 973 2076 martyrem
1011 2001 1045 2062 ld
1068 2001 1149 2076 quod
1173 2001 1270 2066 dete
1292 2000 1388 2065 nobis
1411 2001 1511 2060 libero-

283 2101 360 2166 liter
381 2104 580 2180 pollicemur,
603 2107 733 2166 orantes
753 2101 932 2176 Dominum,
948 2157 950 2162 ,
965 2107 1001 2168 ut.
1023 2109 1056 2164 te
1079 2109 1254 2174 conservet,
1282 2119 1379 2180 quem
1414 2110 1446 2164 et
1466 2098 1512 2160 tibi

284 2207 432 2284 nuspiam
454 2205 634 2270 defuturum
669 2207 867 2270 confidimus.
910 2207 970 2270 Per
990 2207 1127 2271 eumdem
1142 2222 1228 2268 nero
1263 2213 1351 2294 tuam
1377 2223 1434 2268 oro
1457 2205 1511 2265 Pie·

284 2315 392 2380 tatem,
426 2317 461 2371 ut
482 2311 563 2371 hoec
594 2327 690 2372 ame
718 2308 767 2372 tui
788 2308 1019 2381 amantissimo,
1051 2317 1182 2386 pectore
1212 2325 1348 2386 syncero
1384 2311 1511 2386 prolecta

282 2412 423 2491 benigne
445 2410 600 2489 accipias,
617 2420 649 2474 et
662 2412 922 2476 sicubiliberius
945 2413 1148 2477 torterideur
1171 2414 1311 2484 loculus„
1319 2414 1407 2476 bene
1428 2411 1511 2473 inter·

282 2516 438 2592 prolenis,
452 2520 550 2593 elque
569 2515 651 2578 mihi
672 2517 845 2580 condones.
880 2518 975 2580 Deus
997 2517 1081 2581 enim
1107 2515 1210 2582 testis
1226 2521 1286 2588 est,
1310 2517 1400 2593 quod
1421 2523 1453 2578 te
1472 2515 1509 2576 di·

283 2618 382 2696 ligam
404 2616 435 2678 in
449 2616 596 2680 venture.
625 2619 824 2682 Clarissimus
836 2618 889 2680 vir·
906 2619 941 2680 D.
965 2619 1212 2698 Petruslliartyr
1234 2621 1353 2686 salutat
1375 2627 1409 2680 te
1432 2636 1510 2696 quan

282 2721 522 2783 humanissime.
567 2721 688 2794 Vidisti
710 2720 774 2784 iem
796 2722 907 2799 pnooul
929 2722 1025 2786 dubio
1047 2739 1130 2799 epra
1152 2721 1233 2793 eius,
1271 2722 1509 2800 correspondit

281 2823 396 2900 Stepb
413 2823 630 2886 wintoniensi
652 2825 814 2903 Episcopo
838 2825 871 2886 in
893 2841 989 2887 carisa
1010 2826 1238 2907 Eucharistiae.
1282 2823 1386 2902 Spero
1409 2826 1509 2886 libum

283 2929 379 3002 hunc,
399 2943 471 2988 eum
494 2928 670 3004 scripturae
693 2935 727 2989 et
749 2928 873 2990 Petrum
894 2929 1089 2993 testimoniis
1115 2929 1228 2992 nomme
1264 2928 1347 2998 fase,
1371 2928 1464 2990 docte
1483 2932 1508 2984 et

281 3027 463 3108 perspicue,
487 3045 546 3090 neo
568 3047 628 3092 non
653 3030 807 3108 religiose
831 3035 953 3102 tractet,
977 3032 1089 3110 multis
1108 3031 1386 3097 mnoootentiose
1409 3044 1508 3092 occoe-

281 3129 362 3192 oatis
384 3131 564 3202 hominibus
587 3132 619 3194 io
643 3135 705 3194 hae
726 3149 822 3196 causo
842 3133 1088 3199 ¹satistecturum.
1128 3135 1210 3200 Vive
1233 3136 1268 3193 et
1290 3135 1362 3197 rate
1383 3134 1418 3196 in
1435 3133 1507 3194 Cbrl·

281 3241 479 3310 stosemper.
508 3235 665 3298 Dominus
682 3237 852 3299 benedicet
873 3236 934 3299 tibi
956 3239 1085 3316 tuisque
1107 3239 1353 3316 inperpetuum.
1375 3238 1508 3300 Saluunt

267 3343 314 3396 ‘le
348 3338 461 3399 iratres
496 3342 528 3398 et
548 3340 745 3415 symmystae
768 3341 880 3404 nostri.
924 3340 1013 3402 Salvi
1046 3342 1111 3404 sint
1142 3340 1237 3404 eliam
1272 3353 1381 3405 ornnes
1404 3342 1506 3401 fratres

281 3443 314 3499 et
337 3441 609 3519 symmystaemi.
1017 3489 1019 3496 .

341 3593 343 3598 .
466 3543 575 3622 ligari
605 3543 693 3606 XXX.
717 3545 822 3608 Martii
845 3548 935 3610 leba
1261 3593 1264 3604 ,

929 3650 1130 3727 Heinrychus
1152 3649 1365 3729 flullmyems,

1088 3761 1171 3816 tuus·

378 3870 490 3932 'Filius‘
508 3887 598 3932 meus
620 3872 838 3949 Heinryehus,
868 3871 901 3933 in
925 3886 1019 3949 qoem
1047 3875 1144 3936 multa
1166 3875 1328 3937 contulisti
1350 3873 1503 3940 beneficia

254 3993 256 4001 ⁴
280 3974 463 4050 dumapud·
482 3990 540 4034 vos
564 3973 816 4052 Wittemberg'ae
838 3982 936 4046 esset,
945 3971 972 4055 ¹)
999 3991 1063 4053 quo
1083 3979 1211 4040 nomine
1234 3993 1285 4038 me
1307 3979 1366 4039 tibi
1386 3978 1504 4052 tuisque

275 4077 410 4137 ¹nurum
434 4063 551 4138 uenere
573 4079 687 4154 fateor,
711 4093 751 4138 ex
765 4074 864 4139 -nlru
887 4079 1201 4142 annemtnooumu
1225 4079 1321 4142 rediit
1353 4087 1385 4140 or
1420 4078 1503 4139 mero

266 4168 446 4240 ''Ecclesiae
467 4179 599 4252 Gllristi,
621 4181 682 4242 Dei
705 4165 815 4259 gretia,
829 4181 1020 4243 ministrare
1043 4182 1139 4258 cepit.
1181 4185 1211 4244 is
1224 4191 1266 4245 'te
1288 4178 1401 4246 salutat
1423 4196 1503 4242 reve·

279 4285 396 4351 nemer,
422 4285 453 4345 et
477 4294 513 4341 sc
535 4281 599 4343 tuis
622 4285 820 4344 conmmendat
843 4271 1006 4360 precibus'
1048 4285 1115 4346 lton
1138 4288 1230 4362 potui
1253 4285 1502 4364 hancepistolan

279 4381 460 4444 describere
477 4386 660 4464 eleganter,
684 4388 738 4448 vel
761 4385 1232 4464 pseudoepiscoporum,
1267 4388 1410 4469 angusta
1432 4392 1501 4446 tenn-

383 4583 409 4648 Ι)
435 4585 615 4656 θοιῐΛιψη
632 4593 737 4660 prior.
757 4609 801 4645 no.
814 4594 875 4647 cte.
953 4603 967 4618 “’
