3116 5212
681 363 866 430 amanam.
1309 346 1376 422 idi

137 542 264 599 nostros
288 535 414 598 eineres
438 548 475 596 ac
497 527 654 594 scandala·
670 531 725 592 liic
747 529 1060 593 irr'tole‘eermomur
1073 545 1184 607 sparsa
1206 526 1296 588 lastis
1312 541 1375 588 moa

137 619 186 700 dis
209 637 403 701 amoliamur.
426 625 584 698 Recensul
608 628 708 710 caper
732 635 963 696 in‘Getinanico
986 633 1099 694 libello
1122 629 1280 694 cristalli
1303 647 1376 692 catr-

136 761 198 813 sas,
231 761 285 810 cur
310 743 438 803 omnino
462 738 504 800 sit
525 741 660 800 necesse
684 738 805 800 diserte
839 735 935 800 ist'um
960 747 1105 797 errorem·
1124 734 1373 812 Adiaplrorioum

133 845 214 908 lolli.
249 845 331 918 Quis
354 846 388 904 ul
411 841 601 922 diligentius
633 841 665 904 in
689 839 803 904 timore
824 843 886 904 Dei
911 841 1095 920 perlegeres
1117 854 1153 902 ac
1176 840 1375 917 expenderes
1433 837 1436 846 ’

134 964 268 1023 orarem,
290 947 353 1008 nisi
378 950 542 1024 tantopere
567 960 658 1008 esses
679 944 711 1008 in
736 962 806 1008 eum
831 946 984 1007 immerito
1007 951 1189 1006 commotus.
1224 943 1283 1005 llic
1298 959 1376 1006 vero

134 1067 191 1112 eas
213 1051 317 1127 repeti
341 1052 509 1127 prolixitas
534 1067 649 1112 earnm·
663 1071 725 1114 non
748 1052 820 1112 lert,
862 1051 964 1124 Quare
986 1047 1015 1110 si
1038 1049 1124 1110 sario
1148 1047 1302 1110 iudicium
1325 1064 1376 1108 cu-

133 1156 198 1231 pis,
234 1157 315 1218 llrsla
338 1155 424 1218 serio
463 1158 495 1216 et
520 1155 768 1234 quamprimum
804 1154 891 1233 apud
911 1156 1099 1233 Augustum·
1124 1159 1157 1216 et
1178 1151 1276 1223 alios,
1314 1167 1375 1232 ego

134 1269 262 1336 quoque
284 1260 372 1336 apud
391 1259 543 1335 quosdam
566 1259 701 1321 instabo
744 1260 853 1320 indica
877 1258 973 1320 etiam
996 1258 1131 1320 arbitros
1154 1254 1225 1331 pios
1249 1261 1290 1318 at
1305 1273 1374 1318 can·

135 1359 239 1432 didos,
263 1377 342 1439 qrros
364 1366 399 1420 lu
421 1363 504 1423 ferre
526 1362 643 1441 possis,
667 1369 700 1424 et
722 1362 804 1425 allas·
824 1360 1082 1426 circumstantias·
1100 1361 1149 1423 ad¹
1164 1358 1375 1424 Christianum

134 1463 286 1528 iudicium
312 1465 521 1537 necessarias,
543 1472 578 1526 ut
601 1464 756 1528 dehisce
779 1479 906 1544 quoque
929 1467 1077 1528 omnihus
1096 1462 1279 1532 consentire
1302 1481 1375 1542 pos·

134 1568 241 1629 umus.

218 1670 288 1732 sed
318 1687 377 1749 per
399 1673 546 1734 articulos
574 1675 718 1748 prolecto
756 1673 859 1735 citius·
876 1679 908 1735 et
930 1671 1057 1736 facilius
1079 1670 1193 1736 minori
1215 1673 1375 1745 scandalo,

134 1782 169 1836 et
202 1777 315 1838 maiori
340 1793 409 1836 crim
431 1777 596 1838 Ecclesiae
619 1779 723 1840 fractu
759 1777 937 1855 transigens
971 1775 1198 1854 potuissemus.
1244 1776 1308 1838 Nae
1330 1775 1377 1838 vi·

134 1880 208 1951 deo,
233 1876 390 1956 quomodo
423 1881 469 1942 illi
503 1882 542 1943 ad
565 1881 724 1960 principes
749 1883 940 1960 pactiueadt,
976 1881 1060 1942 sicui
1091 1884 1126 1942 tu
1148 1878 1279 1951 scricis,
1307 1895 1376 1944 cum

133 1989 254 2045 tanturn
278 1985 318 2045 de
342 1983 513 2063 religionis
537 1988 631 2048 rebus
653 1993 757 2065 agani,
789 1993 826 2049 et
842 1985 971 2065 lipsien
992 1985 1127 2048 formula
1162 1982 1376 2062 aTlraologis

135 2094 167 2147 et
190 2088 569 2167 nominc-Theologomm
592 2090 634 2150 sit
657 2092 722 2152 toti
740 2088 865 2170 regioni
889 2093 1026 2152 obtcusar
1067 2090 1211 2152 Adlrooc
1235 2095 1273 2150 et.
1290 2087 1376 2164 prin-

135 2208 226 2270 ceps,
247 2192 300 2270 qui
322 2196 397 2255 tunc
419 2191 597 2270 imperavit,
619 2200 761 2256 mortuus
778 2200 836 2266 ost,
861 2201 894 2256 et
909 2193 1098 2264 consiliarii,
1122 2193 1176 2270 qui
1200 2197 1273 2252 tunc
1294 2207 1375 2252 sum-

135 2313 187 2360 mo
212 2297 284 2358 loco
307 2295 443 2368 fuerunt,
465 2302 519 2358 aul
541 2300 657 2360 mortui
680 2304 762 2368 sunt,
786 2302 839 2358 aut
864 2299 902 2360 ab
926 2298 999 2360 aula
1022 2297 1237 2356 recassemni.
1282 2292 1377 2354 Deni-

135 2416 199 2477 que
223 2415 316 2476 quem
338 2399 440 2477 magis
464 2399 558 2462 decet
581 2399 643 2463 isla
666 2403 798 2463 vulnera
821 2401 986 2463 Ecclesiae
1009 2398 1068 2461 Dei
1093 2415 1205 2460 sanare
1229 2399 1274 2458 Te
1296 2395 1375 2468 Uno,

134 2504 190 2580 qui
226 2507 258 2562 et
280 2506 373 2582 poles
408 2505 446 2564 ob
472 2501 685 2566 eruditionem
708 2519 744 2565 ac
766 2503 979 2579 autoritatem,
1013 2509 1046 2564 et
1068 2503 1178 2572 debes,
1213 2501 1375 2578 quiescis

133 2605 309 2686 praecipue
330 2613 384 2669 tua
407 2609 498 2685 culpa
522 2604 608 2690 (post
631 2611 761 2684 peccata
784 2615 817 2668 et
842 2606 1099 2686 ingratitudinem
1125 2602 1274 2682 ornnium)
1297 2604 1376 2664 illud

133 2712 247 2772 malum
281 2718 436 2782 exortum,
472 2716 607 2782 auctum,
642 2715 881 2790 promotumqua
905 2727 991 2782 esse,
1028 2717 1061 2771 et
1094 2712 1175 2770 bene
1197 2707 1279 2768 nosti
1318 2705 1376 2766 Dei

134 2815 315 2876 mandatum
340 2829 425 2885 esso,
453 2821 488 2876 ut
509 2814 638 2890 publica
660 2817 809 2878 scandala
830 2816 983 2877 tollantur
1006 2816 1044 2876 ab
1068 2813 1230 2875 autoribus
1255 2827 1375 2880 eorum,

135 2918 189 2996 qui
211 2918 293 2980 alios
317 2915 620 2995 peccare'lc'ccrunt
654 2925 707 2979 aut
736 2919 769 2980 in
792 2924 923 2995 peccato
947 2919 1178 2980 confirmarunt.
1224 2912 1313 2988 Quod
1349 2912 1378 2972 si

136 3023 282 3084 volumus
305 3026 485 3104 expectare,
508 3021 611 3084 donec
633 3021 814 3098 principes,
851 3019 918 3104 (qui
954 3021 1068 3098 partim
1104 3019 1225 3098 ignari,
1262 3015 1377 3095 partim

135 3130 374 3202 contemptores
395 3129 469 3186 sunt
492 3121 669 3201 religionis,
692 3121 809 3210 partim
833 3122 925 3186 etiam
948 3122 1022 3184 aliis
1046 3120 1188 3201 negotiis
1210 3118 1313 3182 dediti
1342 3138 1378 3181 ac

136 3228 297 3306 occupati)
322 3226 384 3302 ipsi
407 3241 532 3288 errores
557 3227 806 3296 tollant,veraor
828 3241 868 3286 ne
892 3227 924 3287 id
947 3224 1042 3287 nimis
1056 3241 1127 3286 sero
1152 3224 1216 3294 liat,
1233 3227 1262 3284 et
1281 3221 1378 3284 multa

136 3333 234 3394 etiam
258 3330 321 3393 alia
344 3329 540 3392 incommoda
563 3345 670 3393 secum
692 3329 803 3392 trahat.

243 3434 346 3508 Quare
369 3450 430 3512 ego
454 3433 647 3505 adducore,
671 3437 814 3505 obsecro,
849 3450 885 3495 ac
921 3449 980 3510 per
1003 3433 1178 3501 Christum,
1212 3408 1377 3492 Ecclesiae

135 3536 306 3608 utilitatem
329 3540 361 3596 et
383 3543 468 3601 tuam
491 3536 633 3608 sedatam,
667 3553 750 3613 quae
784 3535 817 3598 in
840 3538 903 3601 hoc
926 3537 1068 3611 vertitur,
1099 3541 1131 3596 te
1155 3537 1307 3605 obtestor,
1344 3538 1380 3597 ut

136 3655 298 3718 perpensa
336 3644 369 3699 ct
390 3641 502 3702 horum
525 3637 730 3702 articulorum
752 3641 885 3716 lenitate
908 3646 941 3702 et
962 3625 1129 3702 Ecclesiae
1150 3635 1299 3709 utilitate,
1325 3653 1378 3697 ve-

140 3742 184 3806 lis
212 3740 348 3806 animum
385 3743 426 3806 ad
448 3741 654 3805 eradicandos
677 3760 803 3804 errores
835 3744 1076 3820 faciendamque
1100 3743 1185 3820 piam
1208 3748 1240 3803 et
1263 3742 1376 3803 saluta-

136 3863 202 3908 rem
225 3861 335 3920 pacem
358 3845 533 3909 inflectere.
577 3844 737 3922 Nunquam
760 3847 890 3922 petitur,
923 3853 958 3908 ut
980 3846 1034 3907 vel
1057 3849 1092 3906 tu
1113 3850 1167 3908 aut
1189 3845 1272 3908 ullus
1296 3841 1377 3905 alius

135 3947 298 4026 particeps
322 3955 418 4010 temet
442 3949 493 4008 vel
516 3954 595 4012 nuta
619 3948 759 4021 damnes,
782 3949 863 4012 mihi
884 3956 919 4012 ut
941 3949 1058 4012 Hector
1080 3949 1173 4011 Aiaci
1196 3947 1301 4019 cedas,
1323 3951 1378 4008 aut

137 4068 260 4116 errasse
284 4051 472 4114 confitearis.
515 4052 584 4114 Fiet
606 4055 724 4114 motura
747 4050 908 4117 confessio
931 4059 984 4116 aut
1007 4051 1158 4120 iudicatio
1178 4048 1374 4130 redintegra-

135 4163 190 4218 tae
213 4156 375 4218 internos
398 4156 483 4234 pacis
507 4156 874 4234 sccundumpropositos
898 4155 1060 4233 articulos,
1084 4165 1197 4234 postea
1220 4151 1376 4216 conlusim

135 4261 265 4324 nomina
287 4258 506 4331 subiicienlur,
537 4267 646 4322 nostra
668 4260 761 4322 simul
784 4277 821 4322 ac
846 4268 958 4324 vestra.
1003 4260 1092 4334 Quod
1117 4259 1145 4320 si
1179 4255 1280 4320 nostri
1303 4255 1376 4319 arti·

136 4363 200 4426 culi
224 4361 300 4434 libi,
331 4365 371 4424 ob
394 4361 476 4444 pias,
499 4360 600 4424 iustas
622 4369 654 4424 et
678 4379 769 4426 veras
792 4362 934 4426 rationes
964 4362 1150 4440 displicent,
1191 4361 1376 4441 praescribe

135 4475 171 4530 tu
192 4469 264 4546 ipse
287 4467 436 4530 meliores
460 4467 611 4530 exverbo
626 4465 699 4536 Dei.
730 4467 798 4530 Non
823 4469 907 4530 enim
930 4469 971 4529 de
994 4484 1033 4530 eo
1057 4465 1226 4529 ambitiosa
1248 4467 1290 4530 lis
1314 4473 1374 4540 cst,

134 4577 207 4632 utra
231 4587 307 4648 pars
328 4576 478 4647 tanquam
491 4569 606 4633 victrix
627 4571 722 4634 alteri
744 4573 828 4634 farre
851 4576 905 4634 aut
927 4572 1148 4653 praescribere
1171 4570 1261 4650 pacis
1283 4570 1375 4650 leges

136 4674 263 4734 debeat.
307 4673 369 4733 Sed
393 4672 426 4734 id
450 4681 566 4737 lantum
591 4681 760 4749 spectatur,
793 4682 827 4736 ut
850 4677 933 4738 clara
956 4692 993 4737 ac
1016 4676 1141 4738 sincere
1166 4691 1290 4739 errores
1317 4677 1375 4741 toi·
