3064 5206
223 333 292 409 bid
618 351 865 408 sunrrrnssnrr
890 351 979 404 ιιιιιι·
994 353 1067 406 rear.

227 528 268 572 ex
297 511 483 575 dolcissime
513 503 714 590 ιγιιιινοέιιης
748 509 878 590 induxis
908 511 1121 588 scaturigine,
1158 529 1229 574 cunr
1260 520 1293 574 et
1322 505 1338 588 i
1366 515 1457 594 φιλία

227 609 331 696 ipris,
365 613 542 688 austeritas
572 620 604 673 et
634 611 758 690 puritas
786 612 1036 673 necessitudinis
1059 622 1196 675 nostrae
1233 615 1330 677 tuerit
1357 623 1388 676 et
1416 617 1457 676 sit

228 720 327 779 instar
356 715 544 782 translucidi
578 725 611 776 et
631 711 860 776 'anroenissimi
888 713 1033 779 laticis·
1063 715 1183 787 Video,
1219 733 1311 792 quarn
1343 716 1456 780 misere

230 817 329 880 variis
353 817 520 882 ruderibus
551 816 699 880 sordibus
722 812 893 896 σκιβάισις
917 817 982 880 riri
1011 824 1045 877 et
1067 835 1182 880 suares
1205 819 1302 880 rivuli
1325 817 1457 896 asperti·

228 939 350 982 snorum
372 923 550 995 temporum
574 918 692 982 iniuria
714 918 850 990 foedati,
874 919 1219 997 summittentemque
1243 920 1324 991 aiot,
1348 922 1457 996 etqui·

229 1027 288 1085 bus
310 1020 550 1104 limpidissimis
578 1023 719 1084 tonubos
748 1021 884 1082 immissi
906 1021 988 1098 apri.
1039 1023 1174 1095 urrunsa
1196 1020 1460 1104 idendooiaimec

230 1126 337 1188 omnia
365 1124 483 1192 itinera
520 1124 622 1186 mutui
654 1125 801 1186 candoris
832 1131 863 1184 et
892 1123 1038 1188 liberalis
1077 1126 1375 1188 medicationis
1410 1131 1457 1188 ob·

230 1230 379 1290 struendo
404 1229 550 1290 videntur
573 1226 636 1289 sibi
652 1230 692 1294 de
714 1228 890 1306 Republica
905 1227 1112 1293 benemeriti
1128 1245 1210 1292 esse.
1246 1230 1335 1302 Quod
1351 1229 1460 1292 attinet

230 1333 269 1394 ad
293 1333 460 1398 articulum
484 1333 523 1392 de
545 1332 669 1402 usuris,
700 1331 815 1401 video,
846 1333 1004 1406 quomodo
1035 1334 1229 1395 reverendus
1258 1340 1292 1394 et
1315 1333 1458 1394 cbarissi-

230 1453 298 1495 mus
320 1441 412 1512 pater
435 1435 592 1494 liutherus
616 1435 647 1494 in
671 1433 754 1494 libro
778 1435 852 1516 περὶ
875 1433 935 1496 τῶν
959 1429 1061 1497 τόκων
1083 1436 1190 1498 miultis
1213 1433 1365 1513 gravibus
1386 1436 1460 1495 loeis

231 1535 556 1614 circumspectissime
579 1544 611 1596 e
634 1537 807 1613 prudenter
830 1535 920 1598 addit
941 1536 1187 1615 mitigationem.
1231 1538 1270 1600 Et
1293 1537 1322 1598 si
1346 1539 1393 1598 vir
1408 1539 1460 1598 ille

229 1639 292 1702 Dei
316 1639 413 1704 hodie
439 1638 563 1700 viveret
595 1645 643 1717 (ut
666 1641 813 1734 novimus
834 1639 1159 1740 ripumssepienterm
1194 1643 1308 1704 fortem
1332 1647 1363 1702 et
1385 1640 1460 1701 inte-

232 1741 432 1821 gerrimum),
456 1744 542 1803 nullo
566 1743 659 1804 inodo
682 1714 813 1804 iniisset
819 1746 1010 1820 probaturus
1034 1743 1171 1806 consilia
1192 1752 1223 1805 et
1239 1743 1383 1806 insanias
1399 1745 1460 1821 glo

232 1847 310 1910 riam
338 1845 444 1913 alieno
474 1847 583 1907 labore
613 1853 734 1923 partam
757 1845 789 1908 in
813 1864 849 1908 sn
873 1849 1131 1923 transferentium
1157 1855 1197 1908 et
1213 1849 1408 1926 captantium
1430 1841 1465 1935 τῇ

233 1949 396 2040 φραγμικῇ
424 1942 618 2033 παρῤουσίᾳ.
649 1947 757 2012 indico
787 1950 871 2026 quod
906 1951 1023 2012 doleat.
1081 1949 1260 2014 Discrimen
1289 1948 1462 2012 laciendum

187 2119 193 2124 ¹
234 2065 308 2112 esse
324 2051 406 2112 inter
423 2052 844 2124 officiosea.rarrtationes·,ct
860 2054 1044 2125 damnosnsn
1063 2053 1289 2130 plaaeseotio.
1314 2052 1461 2113 Sereniss.

236 2152 335 2232 Regis
366 2151 493 2234 Duriae·
520 2142 728 2220 cancellarius
759 2156 842 2230 baud
871 2155 968 2217 dubie
998 2173 1037 2218 ex
1054 2155 1214 2244 'gravibus
1244 2155 1341 2218 etiam
1364 2152 1463 2219 causis

234 2255 477 2336 responsionem
501 2241 586 2322 tuam
611 2257 643 2332 in
667 2267 722 2320 tua
746 2257 801 2318 illa
822 2259 937 2320 incude
961 2259 1048 2320 labre
1070 2260 1185 2324 laetam
1209 2259 1361 2336 praetulit
1383 2255 1460 2318 aliis.

234 2361 294 2420 Ter
317 2367 429 2435 quater
451 2360 554 2438 relegi
583 2369 668 2422 taum
694 2360 863 2424 eonsilium
893 2360 1113 2426 transmissum
1136 2360 1269 2424 Sensim
1293 2360 1412 2437 Ratisp.
1435 2366 1462 2418 et

235 2480 296 2538 qrro
321 2463 473 2524 attentius
498 2463 720 2535 consideravi,
748 2481 787 2525 eo
811 2462 891 2524 mibi
915 2465 1036 2541 placuit
1058 2463 1245 2542 impensius.
1291 2464 1394 2525 Video
1416 2465 1462 2524 de-

235 2567 456 2630 liberationem
489 2574 635 2628 aoeurate
666 2574 697 2628 et
715 2565 892 2644 'prudenter
915 2567 1075 2645 scriptam.
1131 2568 1165 2627 ln
1190 2568 1322 2628 eandem
1346 2574 1462 2628 senten-

235 2669 328 2738 tiam,
358 2687 420 2744 qua
443 2676 496 2738 tn,
527 2670 570 2730 sii
588 2676 701 2746 pater,
731 2686 841 2732 monos
865 2672 905 2732 de
924 2669 1153 2751 ‚Consistoriisr
1178 2677 1210 2740 et
1234 2685 1295 2748 ego
1320 2666 1463 2746 rescripsi

237 2770 369 2838 Senatui
399 2775 580 2850 Augustae,
616 2779 647 2835 et
676 2772 840 2850 sapienter
861 2781 901 2845 ‚et
932 2773 1183 2852 prudentissime
1209 2775 1271 2837 boo
1300 2773 1463 2852 cogitatum

237 2881 286 2939 est
309 2873 462 2954 adversus
487 2891 559 2946 eos,
592 2875 646 2952 qui
670 2875 894 2953 praecipitatis
919 2885 950 2938 et
974 2877 1079 2938 subito
1103 2875 1151 2958 (in
1172 2877 1389 2946 transactione
1411 2889 1462 2936 nra-

236 2995 367 3054 gnorum
392 2977 604 3056 negotiorum)
627 2979 761 3040 torretis
782 2979 963 3055 sententiis¹
982 2979 1046 3046 sibi
1071 2995 1110 3039 eo
1133 2978 1206 3058 plus
1227 2979 1376 3054 planant,
1409 2993 1463 3056 quo

237 3082 407 3158 pauciores
436 3081 587 3151 adhibent
617 3077 887 3165 σιμφριὶσμονας,
918 3101 958 3144 ne
987 3083 1093 3160 gloria
1128 3081 1257 3156 rabiosa
1294 3082 1462 3160 cupiditate

238 3185 384 3261 quaesita
420 3185 533 3265 (etiarn
570 3192 681 3254 rutente
715 3185 929 3266 Republica),
945 3187 1068 3263 aliquid
1105 3184 1290 3264 detrimenti
1325 3185 1462 3262 patiatur.

238 3286 410 3350 Constituit
441 3295 471 3348 et
500 3289 641 3369 Coburgi
669 3288 829 3366 illustriss.
860 3289 902 3348 lo.
923 3288 1084 3358 ¹lirnestns
1115 3289 1177 3352 dux
1207 3287 1367 3352 Saxoniae
1399 3305 1462 3347 con-

238 3389 418 3462 sistorium,
443 3392 475 3455 in
498 3408 560 3468 quo
583 3391 701 3453 usitate
724 3391 909 3469 praesident
931 3398 994 3454 tres
1011 3391 1186 3470 theologi,
1209 3399 1276 3456 tres
1292 3387 1463 3468 lureporiti,

237 3502 302 3558 tres
331 3497 434 3562 bonae
462 3495 571 3572 minae,
588 3493 735 3566 Nobiles,
762 3501 798 3558 et
820 3495 911 3560 durat
932 3496 1022 3574 ,baec
1052 3485 1348 3574 simitanostrum
1371 3491 1461 3562 dierm

238 3598 348 3663 volunt
379 3595 465 3659 enirn
495 3595 595 3656 nostri
625 3595 838 3672 illustrissimi
865 3603 933 3668 tres
949 3597 1131 3680 ,principes
1152 3598 1235 3672 banc
1258 3593 1462 3676 phragurieanr

239 3699 499 3770 ditionem'bene
521 3699 727 3774 constitutam
747 3705 784 3776 pt
807 3697 982 3776 superstite
1004 3699 1157 3769 Ernesto,
1180 3699 1217 3764 D.
1233 3697 1400 3768 Walrodus
1414 3695 1461 3758 lle·

239 3802 371 3867 alesiam
388 3809 421 3862 et
437 3802 672 3880 Rernpublioam
689 3800 778 3865 iuvat
796 3803 957 3866 exanimo
975 3810 1125 3880 quantum
1140 3807 1258 3880 potest.
1282 3807 1318 3862 et
1332 3799 1462 3865 illustres

240 3905 403 3984 principes
426 3904 467 3964 de
490 3903 702 3982 lleoneberglr
725 3903 944 3967 deliberarunt
969 3903 1073 3971 etiarn
1091 3905 1131 3968 de
1148 3890 1350 3982 neonustorio
1365 3901 1461 3980 digno.

238 4007 309 4074 Viri
331 4005 496 4085 sapientes
529 4014 561 4070 et
584 4007 633 4089 pii
654 4025 691 4068 ae
712 4023 827 4092 graves
858 4007 932 4071 ideo
967 4014 1078 4084 optant
1106 4013 1460 4084 surptastectarpnser-

240 4118 313 4182 vata
336 4109 543 4196 consistoria,
567 4127 607 4175 ne
630 4110 662 4174 in
687 4112 781 4192 innius
805 4105 1462 4192 linquontavdarurpotestatesintomnia,

240 4231 279 4279 ne
301 4233 384 4276 unus
404 4214 557 4288 liberetur
579 4221 632 4276 aut
654 4212 773 4290 aliquis
798 4232 941 4283 morosus
966 4215 1042 4292 ligat
1067 4214 1180 4290 refigat
1205 4230 1261 4290 pro
1285 4211 1386 4285 libita.
1419 4209 1459 4271 Dc

240 4317 374 4378 articulo
397 4317 487 4395 gravi
509 4334 690 4384 usurarum,
714 4318 839 4396 dequo
862 4317 959 4379 multa
982 4315 1202 4377 disseruerunt
1217 4312 1341 4376 Eruditi
1363 4314 1393 4373 in
1416 4327 1458 4370 er·

239 4419 416 4498 plicatione
439 4420 630 4498 Deealogi
623 4438 654 4480 ιι
680 4421 839 4482 cathedris
862 4419 998 4490 nostris,
1031 4421 1062 4480 in
1091 4419 1214 4479 litbieis
1239 4425 1316 4487 eta,
1344 4419 1459 4475 secutus

240 4529 417 4585 sumtuum
440 4529 471 4604 et
494 4525 660 4606 reverendi
685 4507 816 4589 ertlieri
839 4519 1046 4592 senteutiam.
1072 4525 1104 4581 et
1118 4529 1153 4610 ut
1157 4509 1365 4585 reverentius
1378 4522 1459 4596 patet

240 4630 276 4689 D
289 4600 446 4687 Ln'therus
469 4627 649 4687 moderatur
665 4625 829 4703 sapienter
844 4625 1043 4705 asperiorem
1059 4603 1272 4704 sententiam,
1295 4625 1340 4689 ita
1354 4617 1458 4698 aarum

1214 4750 1271 4786 pr...
1309 4750 1313 4765 ·
1362 4763 1366 4770 -
1442 4757 1449 4774 ι
