3072 5208
232 343 302 414 τω
623 355 867 408 sunrrurrrrurn
886 355 969 408 ruuu
990 357 1066 411 reru.

234 520 296 578 hoc
326 521 420 593 portu
450 513 576 580 tandem
607 510 812 587 conquiesco
870 509 971 570 Video
1001 511 1117 572 fatales
1157 527 1230 571 esse
1260 508 1459 588 imperiorum

236 620 396 699 periodos.
449 617 524 678 Scio
547 613 737 694 promissam
761 631 835 675 esse
858 613 1019 674 ecelesiae
1045 615 1314 692 perpetuitatem,
1338 631 1397 675 non
1418 613 1459 675 sic

232 731 355 792 umen,
373 727 407 780 ut.
430 718 557 782 omnino
579 733 828 787 marcescamus,
874 723 909 776 ut
930 717 1094 778 alssuamus
1117 716 1262 788 deliciis,
1292 724 1327 777 ut
1345 731 1459 778 aureum

233 831 371 888 estatem
394 839 571 900 speremus.
628 819 820 882 servabatur
852 827 885 878 et
915 824 1173 898 propughabatur
1197 819 1338 882 ecclesia
1363 817 1457 887 etiam,

231 945 304 990 cum
324 926 454 1005 captive
476 924 613 988 serviret
634 924 666 984 in
690 925 860 1000 Babylone.
893 921 967 984 Scio
1002 937 1099 1001 regna
1121 925 1277 986 mundana
1294 925 1378 984 fluxa
1396 937 1458 982 esse

234 1039 266 1092 et
288 1032 422 1102 caduca,
446 1030 548 1092 solius
567 1026 686 1088 Christi
709 1040 840 1104 regnum
864 1026 896 1085 in
918 1033 1083 1086 aeternum
1101 1042 1351 1102 permansurum.
1385 1025 1459 1086 Haec

233 1135 360 1213 cogito,¹
389 1135 441 1195 his
462 1149 513 1194 me
536 1132 641 1200 solor,
672 1131 755 1191 sieut
781 1137 816 1190 tu
847 1143 975 1204 quoque
1005 1129 1169 1206 sapienter
1200 1143 1320 1192 mones.
1365 1127 1457 1187 Video

234 1237 393 1299 Christum
425 1241 573 1313 pot-enter
602 1232 762 1294 dominari
792 1233 824 1293 in
855 1231 961 1294 medio
985 1229 1186 1293 inimicorum
1209 1247 1349 1292 suonam.
1392 1228 1457 1290 ltin

233 1340 317 1416 quod
341 1337 474 1407 scriBis,
501 1344 535 1398 te
556 1340 687 1413 putare,
715 1353 779 1396 non
809 1334 963 1398 minorem
993 1349 1066 1398 esse
1097 1336 1285 1398 servitutem
1317 1331 1456 1393 Christia-

176 1503 181 1522 ,
232 1461 342 1504 norum
374 1441 409 1504 in
431 1439 561 1517 Belgio,
591 1453 686 1514 quum
715 1441 772 1502 sub
796 1436 925 1508 rucis,
960 1436 1042 1500 scito
1074 1436 1106 1498 in
1138 1436 1364 1510 iurisdictione
1395 1437 1457 1494 Tur·-

234 1564 341 1610 corum
371 1543 491 1620 ubique
526 1540 629 1604 libere
664 1539 843 1620 praedicari
875 1540 1094 1618 evangelium,
1130 1548 1165 1602 ut
1192 1559 1345 1602 summurn
1372 1541 1456 1600 bene-

232 1650 339 1713 ficium
363 1647 424 1734 Dei
449 1662 523 1708 esse
546 1643 652 1714 dicas,
683 1644 768 1722 quod
791 1645 850 1704 has
872 1650 975 1706 terras
999 1662 1018 1706 a
1041 1642 1184 1706 barbaris
1208 1643 1373 1722 subiugari
1395 1658 1456 1720 per·

232 1752 365 1814 miserit.
408 1748 477 1812 Etsi
501 1749 586 1812 enim
609 1765 744 1826 corpore
774 1745 933 1816 serviunt,
965 1752 1052 1806 certe
1081 1747 1243 1824 evangelii
1274 1764 1383 1824 magna
1413 1747 1458 1806 lur

233 1853 353 1916 affulsit
377 1860 408 1913 et
432 1849 701 1928 estamplissima
725 1843 857 1910 libertas
880 1846 1030 1926 spiritus,
1055 1866 1148 1924 quam
1172 1848 1274 1910 nostri
1297 1864 1407 1924 reges,
1433 1846 1456 1906 si

233 1972 337 2017 rerum
360 1953 555 2031 potirentur,
578 1953 674 2017 armis
698 1958 729 2010 et
752 1951 864 2014 castris
879 1949 1079 2026 impedirent.
1114 1952 1308 2012 Benedictus
1323 1950 1455 2019 Abaude,

233 2061 328 2120 homo
351 2055 577 2134 integerrimus
602 2063 634 2142 et
656 2053 790 2139 egregie
813 2055 942 2124 doctus,
973 2053 1028 2130 qui
1058 2061 1132 2116 ante
1160 2073 1276 2116 annum
1300 2053 1393 2116 isthic
1415 2072 1455 2112 or-

233 2162 359 2252 dinatus
383 2167 432 2220 est
455 2160 486 2222 in
512 2159 633 2238 Zeged,
669 2174 751 2234 quae
781 2158 896 2220 civitas
926 2164 975 2220 est
998 2157 1244 2234 opulentissima
1267 2165 1298 2220 at
1321 2156 1455 2222 maxima,

233 2265 273 2328 ad
295 2265 420 2326 lissam
449 2262 530 2334 sita,
560 2269 592 2322 et
622 2263 652 2324 in
686 2262 795 2324 schola
826 2268 858 2320 et
887 2260 918 2320 in
950 2261 1070 2338 templo
1106 2277 1218 2338 magno
1256 2278 1327 2325 eum
1357 2261 1454 2324 favore

232 2369 351 2430 Bassae
374 2367 485 2436 docet,
515 2365 597 2428 adeo
620 2371 655 2424 ut
677 2378 778 2440 nuper
802 2364 834 2422 in
858 2363 993 2438 quadarn
1022 2361 1241 2436 disputatione
1269 2361 1345 2438 ipse
1366 2363 1454 2422 Bassa

232 2467 397 2532 blonacbis
420 2468 582 2534 silentium
606 2463 775 2534 indixerit,
808 2449 888 2543 quos
911 2482 973 2526 non
998 2479 1092 2525 secus
1117 2482 1153 2525 ac
1177 2463 1340 2526 moriones
1368 2464 1452 2524 habet
1528 2495 1529 2499 =

233 2591 269 2635 ac
291 2574 428 2636 minatus
453 2578 519 2640 est,
548 2569 639 2630 brevi
668 2584 705 2659 se
736 2584 793 2628 eos
825 2583 864 2628 ex
894 2567 972 2628 urbe
1002 2567 1194 2637 eiecturum,
1228 2567 1313 2644 quod
1344 2583 1401 2644 ego
1429 2571 1452 2623 et

231 2679 314 2738 tama
336 2675 580 2754 praenuntiante
605 2679 637 2735 et
660 2690 722 2732 nou
746 2673 790 2732 ita
813 2673 911 2732 multo
935 2676 1013 2749 ,post
1036 2685 1077 2730 ex
1104 2671 1207 2748 ipsius
1230 2668 1394 2731 Benedicti
1422 2667 1453 2728 li-

231 2781 310 2841 teris
334 2785 419 2838 certo
434 2776 587 2860 ¹cognobi.
632 2775 812 2853 Stephanus
836 2772 1034 2852 Zegedinus‚
1076 2774 1130 2852 qui
1160 2774 1346 2852 aliquandiu
1368 2771 1455 2831 Wite-

231 2885 349 2962 bergae
369 2879 463 2942 bonis
487 2879 606 2940 artibus
620 2893 751 2955 operam
764 2876 910 2948 navavit,
937 2877 1142 2940 concionatur
1159 2880 1191 2938 in
1211 2877 1332 2955 oppido
1351 2876 1452 2954 Ziglet

231 2979 313 3062 qu'od
339 2991 410 3045 octo
433 2980 593 3042 milliariis
625 2982 705 3042 inira
735 2981 854 3044 Budam
878 2982 998 3044 Turcae
1029 2988 1146 3044 tenent.
1198 2981 1379 3051 Emericus,
1407 2977 1454 3056 qui

231 3103 332 3165 nuper
361 3083 459 3147 isthic
488 3084 600 3153 rediit,
629 3091 714 3144 recta
739 3099 775 3145 se
800 3084 932 3148 Talnam
955 3082 1105 3156 contulit,
1135 3100 1218 3160 quae
1249 3085 1332 3146 iacet
1361 3083 1390 3143 in
1413 3082 1451 3140 ul·
1527 3087 1528 3128 ὲ

231 3188 345 3251 teriori
374 3189 444 3266 ripa
465 3186 602 3250 Danubii
634 3187 823 3248 et.Turcico
854 3187 1018 3262 praesidio
1050 3194 1181 3256 onerata
1212 3195 1270 3248 est.
1316 3185 1450 3260 Denique

232 3295 309 3354 licet
331 3289 506 3366 unicuique
529 3289 679 3360 Ductori,
704 3288 915 3362 scholastico,
940 3291 1157 3353 concionatori
1179 3293 1316 3358 transire
1340 3293 1369 3352 in
1392 3289 1450 3348 illo·

232 3414 298 3485 rurn
321 3403 438 3472 partes¹
452 3400 485 3454 et
508 3394 641 3462 dooere,
664 3393 844 3468 ubicunque
867 3392 964 3464 velit,
987 3392 1059 3454 sive
1083 3395 1114 3454 in
1137 3392 1222 3454 ludis
1246 3394 1317 3455 sive
1343 3393 1371 3453 in
1386 3399 1450 3450 tern-

232 3498 312 3578 plis,
336 3515 396 3562 nec
418 3495 594 3576 praemium
618 3503 802 3557 consuetum
827 3497 1013 3558 docentibus
1038 3496 1249 3579 diminuitur.¹
1268 3474 1380 3556 tier-un
1399 3510 1450 3570 ego

231 3603 376 3676 nonnihil
400 3603 590 3670 subversor,
615 3615 655 3662 ne
677 3600 787 3660 hostes
811 3615 851 3661 eo
874 3606 992 3662 tantem
1016 3601 1195 3662 libertatem
1219 3598 1400 3666 concedant,
1423 3600 1449 3652 rt

231 3707 385 3788 populum
408 3703 447 3766 ad
470 3719 506 3764 se
530 3701 688 3774 alliciant,
718 3701 780 3778 qui,
801 3703 876 3778 quia
898 3701 989 3764 verbi
1018 3701 1123 3764 divini
1153 3709 1201 3763 est
1225 3701 1448 3780 cupidissimus,

232 3828 272 3872 eo
295 3807 441 3878 confluit,
464 3807 519 3866 ubi
542 3805 621 3867 illud
645 3821 724 3883 pure
747 3822 784 3865 ac
807 3804 933 3867 sincere
956 3804 1068 3866 doceri
1090 3804 1185 3865 audit.
1240 3805 1302 3864 Nec
1327 3801 1375 3864 illi
1396 3811 1447 3866 tan
1526 3825 1527 3868 3

231 3916 400 3984 dementes
420 3918 508 3980 sunt,
532 3916 565 3970 ut
589 3907 690 3985 sylvis
713 3915 746 3968 et
769 3909 906 3970 desertis
929 3909 1088 3986 imperare
1112 3908 1228 3978 velint,
1259 3915 1294 3974 ut
1317 3925 1354 3970 en
1377 3909 1446 3974 loca,
1526 3883 1527 3916 r

232 4011 314 4093 quae
337 4016 432 4081 armis
456 4010 641 4099 subegerint
672 4020 702 4073 et
726 4011 883 4092 sanguine
914 4029 972 4076 suo
1005 4011 1206 4090 pepererint,
1240 4012 1347 4073 deseri
1368 4029 1386 4072 a
1406 4027 1447 4070 co-

232 4118 317 4180 lonis
338 4115 510 4203 patiantur.
563 4113 731 4176 Hominum
755 4115 936 4192 frequentia
958 4115 1113 4194 gaudent,
1144 4105 1223 4176 atre
1247 4113 1448 4196 rprgpdyaecros

230 4219 351 4294 ἐκεῖνος
385 4220 515 4292 Παῦλος
549 4220 675 4300 χαίρει,
715 4215 776 4279 εἴτε
816 4213 994 4302 προφάσει,
1036 4215 1097 4280 εἴτε
1130 4214 1285 4302 ἀληθείᾳ,
1318 4212 1446 4300 Χριστὸς

231 4323 482 4412 καταχγέλλεται.
533 4320 620 4382 Hanc
650 4328 753 4393 tarnen
783 4320 1002 4410 suspicionem
1031 4318 1111 4382 iilud
1134 4320 1288 4395 infirmat,
1324 4319 1402 4398 quod
1422 4318 1446 4376 in

232 4426 303 4500 ipsa
317 4425 430 4485 Turcia
442 4423 533 4485 multi
549 4424 707 4484 Christum
723 4423 918 4486 annuntiant.
953 4423 1138 4486 Frarrciscus
1157 4423 1261 4496 PicuS,
1285 4423 1445 4500 hungarus.

232 4525 427 4604 Zegedinus,
458 4545 540 4588 nuuc
571 4527 719 4596 Galatae,
753 4545 834 4588 rrunc
864 4525 1140 4606 Constantinopoli
1172 4527 1202 4588 in
1233 4543 1346 4606 magna
1372 4520 1445 4585 audi-

229 4636 329 4690 torum
353 4631 531 4704 frequentia
554 4630 664 4697 docet,
697 4629 790 4689 alitur
813 4648 830 4689 a
855 4629 975 4690 Gallico
990 4637 1133 4692 ‚oratore
1158 4639 1197 4692 et·
1213 4632 1251 4693 uh
1275 4629 1348 4694 aliis
1371 4624 1444 4685 Chri-
