3072 5208
191 369 259 452 24⁶
591 394 833 456 surrranannt
855 395 936 446 tntu
961 395 1033 448 raca

279 549 344 610 Hac
375 550 521 612 oratione
553 551 717 622 lromineS,
750 552 803 626 qui
835 553 999 626 perhiberi
1032 556 1141 614 volunt
1171 553 1316 630 politici,
1346 559 1427 614 ente·

194 658 290 712 ouant
314 659 433 722 errata,
465 653 547 727 quod
573 669 612 714 eo
627 651 650 736 ¹)
674 655 724 723 fit,
753 655 832 728 ,cuia
856 656 970 718 leviter
994 665 1102 718 curam
1133 656 1267 734 gloriam
1293 657 1373 724 Dei,
1400 663 1429 714 et

193 769 272 816 suae
294 753 429 816 utilitati
456 763 510 815 aut
533 757 757 831 tranquillitati
782 759 900 820 malunt
923 762 1101 820 consulare.
1140 759 1243 829 Quare
1269 762 1429 820 vernorum

195 855 383 934 praestigiis
413 866 467 917 aut
497 865 624 934 tegunt,
659 866 713 918 aut
746 868 895 920 excusant
928 863 1027 922 multa
1049 862 1208 926 horrendo
1229 862 1323 924 malo.
1369 861 1430 920 Non

196 957 280 1018 euim
303 958 342 1018 de
368 960 473 1034 parvis
500 967 616 1020 tanturn
642 963 736 1022 rebus
767 969 820 1020 ont
849 961 962 1038 paucis
994 963 1157 1025 dissensio
1189 971 1255 1032 est,
1287 979 1349 1024 neo
1371 970 1429 1022 tan·

196 1068 260 1122 tum
285 1062 481 1122 anicularum
504 1062 752 1139 superstitiones
777 1071 929 1126 toxarnns.

279 1164 393 1224 Extant
420 1166 539 1240 scripta
563 1166 727 1229 doctorum
756 1174 864 1229 vetera
895 1175 928 1226 ct
958 1166 1118 1236 recentia,
1150 1184 1232 1244 ortae
1262 1168 1432 1230 delendum

197 1267 277 1327 haec
300 1273 455 1343 portenta.
502 1269 624 1346 Negant
648 1271 678 1329 in
704 1269 862 1346 scripturo
879 1269 1071 1344 Prophetica
1095 1272 1334 1348 etApostolica
1358 1273 1433 1330 hanc

196 1370 307 1442 fidern,
337 1387 400 1446 qua
430 1372 617 1448 accipiendo
648 1381 697 1434 est
730 1375 877 1436 remissio
911 1383 1131 1450 pcccatorum,
1161 1372 1337 1441 contineri,
1369 1391 1432 1432 cum

197 1472 306 1532 Petrus
329 1474 411 1536 hunc
432 1461 692 1536 esse‘universaa
709 1475 874 1536 Ecclesiae
890 1492 1077 1538 consensum
1093 1475 1244 1543 affirmet,
1269 1477 1432 1550 inquiens:

197 1573 279 1634 Huic
302 1592 412 1635 onmes
436 1577 617 1652 Prophetae
638 1578 854 1638 testimoninm
876 1580 1062 1654 pernibent,
1086 1577 1308 1640 remissionem
1324 1576 1450 1653 pecca-'

197 1684 300 1738 torum
324 1678 473 1756 accipere
497 1695 554 1756 per
578 1697 691 1742 nornen
716 1681 805 1750 eius,
829 1698 940 1752 ornnes
965 1681 1020 1755 qni
1044 1681 1176 1740 credunt
1200 1679 1232 1740 in
1257 1695 1339 1740 eum.

284 1781 348 1840 Nec
372 1784 538 1843 obscurum
569 1791 636 1854 ast,
668 1803 760 1858 quam
790 1792 900 1844 tetram
932 1783 1125 1844 sententiam
1155 1791 1357 1859 propugnant
1387 1785 1433 1842 ad-

200 1884 351 1953 versarii,
384 1904 451 1946 cnm
485 1888 593 1948 intrent
623 1887 877 1962 uniuscuiusque
893 1895 1036 1949 mentem
1068 1887 1098 1948 in
1130 1893 1284 1960 perpetua
1314 1885 1433 1948 dubita-

199 1983 289 2045 tione
312 2003 456 2057 manere‚
481 2006 519 2048 an
545 1992 660 2050 lrabeat
683 1989 908 2052 remissionem
933 1998 1145 2068 peccatorum.
1181 1990 1295 2050 Postea
1318 1993 1435 2068 fingunt

200 2087 270 2148 dari
306 2090 530 2152 remissionem
569 2101 699 2170 propter
729 2093 885 2167 cuiusque
920 2095 1050 2162 merita,
1087 2091 1151 2155 imo
1183 2093 1281 2154 etiam
1313 2101 1435 2170 propter

202 2199 275 2254 vota
297 2178 487 2265 monastiea,
520 2205 650 2273 propter
682 2199 811 2258 venales
843 2199 974 2268 nrissns,
1005 2214 1083 2271 quas
1114 2196 1254 2262 scribunt
1278 2196 1374 2258 etiarn
1399 2213 1435 2256 ex

201 2311 299 2371 opere
322 2308 454 2374 operato
479 2300 593 2360 mereri
618 2300 840 2363 renrissionem
864 2300 994 2362 facienti
1020 2307 1051 2360 et
1073 2297 1158 2360 aliis.
1215 2299 1342 2360 Deinde
1367 2315 1434 2359 coc-

201 2416 271 2460 nam
294 2401 421 2462 Domini
445 2410 476 2461 et
500 2404 537 2462 ad
562 2411 701 2464 mortuos
725 2419 876 2480 perverse
899 2403 1099 2464 transferunt.

286 2504 438 2566 Doctrina
462 2507 501 2566 de
525 2523 601 2566 vera
624 2505 835 2582 poenitentia,
858 2505 999 2582 caligine
1023 2503 1220 2580 opinionum,
1244 2503 1287 2562 de
1305 2518 1432 2566 enume-

202 2609 342 2678 ratione,
366 2608 460 2668 etde
484 2609 721 2678 satisfactione,
747 2628 874 2686 prorsus
897 2605 1158 2671 obscurataiuit.

288 2710 405 2780 Quales
428 2713 496 2772 fere
520 2720 587 2774 toto
611 2716 687 2774 orbe
718 2721 870 2772 terrarum
902 2710 932 2770 in
966 2708 1094 2784 templis
1126 2708 1341 2774 idolomanioc
1364 2727 1432 2768 con

203 2810 396 2886 spiculator,
429 2816 483 2876 ubi
513 2816 552 2876 nd
582 2823 684 2876 certas
715 2822 845 2874 statuas.
870 2815 948 2874 liunt
978 2828 1166 2882 concursuS,
1203 2820 1235 2872 et
1260 2812 1435 2874 horninibus

203 2914 351 2975 tribuitur
377 2919 476 2978 honos
502 2918 631 2994 proprie
659 2916 785 2978 debitus
815 2920 883 2980 Deo
914 2924 1046 2978 aeterno
1082 2916 1179 2990 patri,
1209 2924 1242 2976 ct
1271 2917 1338 2976 filio
1369 2915 1433 2974 aius

203 3018 338 3080 Domino
363 3028 470 3080 nostro
496 3022 566 3082 lesu
582 3019 726 3092 tllnisto,
751 3028 783 3080 et
803 3018 939 3096 Spiritui
963 3025 1091 3086 sancto,
1116 3016 1243 3078 scilicet
1264 3017 1431 3078 invocatio.
1527 3015 1528 3024 ’

236 3171 240 3180 .
290 3121 377 3192 Quae
402 3124 588 3198 eloquentia
612 3141 668 3186 sen
693 3123 870 3192 homiuum,
906 3139 962 3182 seu
990 3123 1192 3198 angelorum,
1219 3120 1299 3182 satis
1330 3121 1432 3196 deplo-

205 3241 274 3287 rare
300 3233 405 3300 potest
429 3226 601 3288 animarum
627 3225 742 3294 exitia,
775 3239 855 3299 ottae
888 3231 1021 3300 pereunt
1047 3230 1176 3298 propter
1201 3223 1321 3298 legem,
1356 3233 1433 3293 quae

205 3327 356 3403 coniugia
379 3326 552 3405 prohibet?
596 3331 641 3388 Ac
665 3328 761 3386 multa
785 3334 972 3388 concinnunt
995 3327 1075 3388 mala
1100 3326 1130 3384 in
1157 3323 1316 3386 immundo
1342 3317 1432 3380 coeli-

205 3541 329 3599 menos
354 3537 493 3610 pollutae
518 3553 579 3595 non
606 3541 738 3610 possunt
761 3535 911 3596 invocare
936 3533 1053 3596 Deum:
1078 3538 1171 3590 ruunt
1194 3527 1293 3604 igitur
1310 3523 1432 3590 axeliis

206 3636 384 3700 sceleribus
409 3639 439 3696 in
464 3639 543 3706 alia,
569 3646 714 3712 tanquam
739 3638 931 3700 vasatica,

290 3740 338 3802 Ao
362 3742 442 3804 haec
464 3744 544 3804 malo
568 3743 720 3802 accedunt
744 3739 874 3802 inscitia
896 3747 928 3798 et
952 3735 1111 3814 neglectio
1147 3733 1319 3796 ministerii
1341 3733 1432 3794 Evan-

206 3845 305 3924 gelici
328 3852 432 3914 tanta,
447 3853 483 3906 ut
508 3843 702 3920 pessimant
726 3845 832 3904 nullae
856 3842 1046 3908 concientia,
1069 3846 1125 3900 aot
1138 3835 1249 3898 lutilos
1263 3837 1431 3900 ariolantur,

208 3956 241 4012 et
263 3949 456 4026 disciplinae
480 3964 611 4023 prorsus
635 3944 758 4022 nulla²t
781 3945 824 4008 eit
847 3961 929 4004 cura

295 4054 359 4116 Non
383 4053 481 4129 igitur
504 4053 598 4127 pauci
624 4058 742 4113 tontum
766 4052 798 4110 in
822 4050 923 4124 volgo
942 4052 1092 4123 peccant,
1128 4060 1187 4104 nec
1211 4045 1432 4104 levas-tantum

208 4160 351 4236 ineptiae
373 4177 391 4218 a
411 4155 528 4218 nostris
552 4161 707 4218 taxantur.
742 4151 849 4229 lllagni
872 4167 1017 4218 errores,
1041 4145 1266 4225 contumeliosi
1289 4146 1431 4206 auterens
1525 4135 1526 4176 ἕ

208 4264 308 4326 filium
331 4263 466 4329 Dei,·et
487 4256 666 4336 perniciosi
688 4255 864 4323 urentibus,
889 4261 921 4314 et
945 4253 1067 4316 atrocia
1090 4249 1219 4312 scelera
1233 4247 1432 4310 defenduntur
1525 4261 1526 4272 ¹

209 4383 321 4442 magna
345 4365 516 4425 autoritate
541 4364 579 4422 ab
603 4359 814 4428 adversariis,
839 4360 894 4434 qni
918 4373 953 4415 se
976 4352 1123 4416 iactitant
1142 4350 1335 4455 ordinarium
1353 4353 1430 4443 pote-

298 4606 325 4671 l)
350 4607 393 4672 oo]
415 4605 487 4673 apud
506 4604 638 4654 Secltend.
658 4603 746 4652 deest.
915 4647 918 4654 ,

295 4693 323 4756 2)
349 4692 510 4758 disciplinae
529 4703 642 4756 prorsus
660 4685 745 4751 nulla]
766 4683 912 4738 &abacos
934 4681 1144 4752 disciplinarum
1161 4677 1233 4732 nulla
1254 4690 1365 4744 promus
1425 4697 1426 4700 ¹
