3064 5206
221 334 284 408 tsi
623 353 866 408 scrrnsannm
885 353 968 406 anni
988 353 1064 410 rato.

222 505 415 572 Nihilieste
431 515 576 590 generis,
597 515 768 592 ”pientia
788 521 822 570 et
844 505 979 573 cirtssts'
991 509 1244 593 praeconantibus
1266 517 1360 582 ciris,
1383 516 1452 574 ota-

276 611 647 674 rtmtmtosonssoattna
668 616 818 696 inclytus
840 609 1068 695 Reipublicae
1089 610 1403 692 Argentariam,

255 751 258 756 -
298 712 424 795 :psalm
446 716 673 778 emendata
696 728 746 777 eat
767 714 901 778 schalae
923 723 1100 799 inspectio,
1120 723 1271 798 patema
1292 721 1370 776 suis.

308 833 337 893 S.
360 834 395 895 D.
436 833 763 895 honestissimrviri.
816 835 883 894 Non
914 834 1025 894 dubito
1054 853 1116 894 vos
1148 841 1179 895 et
1206 833 1392 911 intelligere
1422 839 1454 892 et

221 947 321 1014 saepe
344 938 541 1012 multumque
563 935 784 1005 considerare,
815 936 975 1012 quomodo
998 935 1176 998 Ecclesiam
1205 941 1370 997 aeternam
1394 935 1453 996 sibi

220 1041 307 1102 Dens
331 1053 372 1116 err
388 1055 512 1118 genere
536 1039 671 1100 humano
694 1040 841 1117 colligat,
872 1038 957 1100 inter
981 1054 1094 1117 magna
1117 1040 1292 1102 nodamina
1316 1045 1348 1098 et
1368 1037 1455 1099 varia

222 1142 381 1218 pericula,
403 1158 464 1202 nae
484 1141 589 1219 frangi
613 1140 737 1202 animos
760 1147 903 1211 vestros,
929 1141 1057 1203 etiarnsi
1073 1159 1154 1202 nunc
1170 1157 1267 1203 saeva
1281 1146 1453 1218 tempestas

222 1251 290 1306 orta
314 1252 371 1305 est.
401 1245 608 1306 'conservari
630 1242 729 1321 igitur
751 1245 928 1308 Ecclesiam
952 1246 990 1308 ad
1015 1246 1256 1323 posteritatem,
1285 1245 1399 1306 literas
1426 1247 1454 1302 et

221 1347 394 1408 doctrinam
423 1348 513 1408 vilae
541 1348 772 1417 necessariam,
807 1347 889 1407 velle
919 1367 976 1408 vos
997 1363 1068 1408 'non
1101 1345 1221 1408 dubito.
1279 1348 1356 1407 Gum
1381 1361 1453 1422 ergo

202 1445 365 1537 ¹Iiscabsss
396 1443 605 1526 Gloccerste¹)
635 1456 667 1508 et
697 1450 727 1510 in
758 1449 878 1527 fingaris
907 1449 1024 1520 latina,
1055 1453 1187 1527 graeca,
1218 1451 1330 1517 abrec,
1365 1454 1397 1507 et
1425 1449 1453 1507 in

222 1551 367 1613 doctrina
388 1552 570 1622 Ecclesiae,
595 1559 627 1611 et
649 1551 682 1612 in
704 1553 913 1629 philosophia
935 1553 1101 1629 praeclara
1116 1552 1258 1614 eraditus
1275 1550 1336 1621 sit,
1363 1566 1453 1626 spero

222 1669 294 1714 enim
325 1668 437 1732 magno
466 1657 539 1716 osni
571 1660 603 1714 et
633 1659 818 1716 ornamento
850 1656 920 1715 fore
950 1656 1112 1715 universis
1141 1653 1298 1714 ccelesiis
1328 1653 1393 1715 Dei
1421 1669 1455 1712 aa

220 1756 355 1833 patriae.
385 1757 480 1818 ‘Nam
509 1765 542 1817 at
573 1759 604 1818 in
637 1757 707 1818 eins
738 1759 881 1820 moribus
911 1759 1070 1818 modestia
1099 1763 1130 1816 et
1161 1765 1290 1816 caterae
1321 1757 1453 1816 virtutes

220 1861 304 1920 bano
333 1860 402 1920 viro
432 1858 549 1936 dignae
580 1867 652 1920 sunt
670 1861 830 1922 *eximiae
885 1859 988 1931 Quare
1019 1859 1177 1920 beneficia
1209 1873 1291 1933 arrae
1320 1855 1356 1916 in
1389 1875 1453 1918 enm

222 1961 398 2033 comestas
414 1963 720 2024 hane'oollocantur.
774 1967 798 2024 A
822 1965 915 2024 nohis
940 1965 1037 2024 etiam
1061 1961 1191 2038 publico
1214 1959 1402 2022 testimonio
1426 1965 1454 2020 ct

221 2065 319 2141 gradu
347 2065 529 2144 magisterii
565 2067 629 2127 iam
660 2071 788 2128 ornatus
818 2071 885 2136 est,
923 2066 955 2126 in
986 2083 1048 2140 qna
1080 2069 1113 2124 et
1143 2067 1215 2142 ipse
1246 2080 1320 2124 eum
1350 2062 1453 2124 audivi

221 2173 387 2238 accurate,
416 2176 448 2230 et
472 2169 613 2246 compari
644 2186 714 2231 eum
743 2173 830 2232 ratte
854 2169 1009 2231 didicisse
1034 2173 1066 2229 et
1086 2167 1255 2230 'Ecclesiae
1284 2167 1453 2228 doctrinam

222 2275 257 2330 et·
275 2269 307 2331 in
333 2271 541 2349 philosophia
564 2287 619 2334 eas
642 2277 744 2342 artes,
769 2289 853 2348 quae
874 2289 1020 2350 niagnnrn
1043 2272 1131 2332 vitae
1145 2271 1247 2332 ‘dacus
1264 2275 1346 2330 sont.
1383 2269 1452 2328 ideo

220 2384 278 2434 aas
301 2390 357 2437 arc
386 2380 420 2435 ut
442 2374 638 2437 liberalitate
668 2377 796 2451 publica
826 2390 898 2437 eum
929 2375 1066 2443 iuvetis,
1098 2380 1130 2432 et
1153 2372 1336 2434 'declaretis
1368 2370 1453 2433 vohis

221 2477 302 2538 haec
324 2476 444 2538 iudicia
468 2479 508 2537 da
531 2476 649 2539 studiis
672 2492 753 2554 qnae
776 2479 855 2538 liant
879 2477 910 2538 in
935 2477 1087 2556 gladounr
1111 2477 1370 2547 renuntiatione,
1395 2491 1450 2536 non

220 2578 405 2656 displicere.
449 2581 537 2641 Bana
561 2581 675 2640 valeta.
720 2582 782 2642 Dia
809 2581 857 2641 ia.
881 2583 1025 2658 Angristi.

963 2688 965 2692 '
988 2682 1156 2760 Philippus
1179 2681 1373 2742 Melanthea.

734 2771 940 2782 unna-un...—

221 2791 292 2900 s'rc.
326 2796 505 2924 nannet
552 2838 629 2923 (vor.
647 2805 714 2900 v1'1.
737 2835 867 2922 anna)
1194 2811 1197 2818 ’
1244 2840 1329 2914 (aas
1357 2835 1452 2910 iaso.)

324 2921 495 2950 *m
1251 2923 1442 2949 Μ

587 2981 709 3054 coeco
737 2979 910 3053 sermea
936 2981 1096 3053 maone.

291 3091 346 3144 Hoc
363 3093 547 3160 fragmentum
564 3094 698 3163 epistolae
717 3094 940 3147 Melanohthonia·
963 3095 997 3145 sd
1015 3095 1045 3145 G.
1062 3093 1091 3147 S.
1112 3093 1256 3146 Corinnam
1275 3095 1335 3146 sine
1355 3094 1411 3148 laco
1429 3097 1451 3141 et

242 3211 245 3216 ·
320 3178 368 3234 die
385 3179 508 3233 indicato
526 3180 672 3245 (Sinnianae
692 3182 847 3234 adnotavit:
872 3181 948 3244 „sed
968 3181 1004 3233 h.
1023 3182 1089 3234 tanc
1115 3180 1251 3248 scriptae,
1277 3196 1330 3245 qno
1349 3178 1452 3230 Laelius

303 3264 437 3330 'castaus
457 3266 645 3334 Wiltebeegae
668 3267 779 3332 sixit“)
808 3267 940 3321 Simlarus
972 3267 1121 3336 exscripsit
1152 3283 1187 3321 ex
1210 3265 1300 3323 XVIII
1325 3263 1451 3334 Epistolit

323 3351 434 3404 salectis
454 3353 567 3408 doctiss.
587 3353 713 3406 Virorum
732 3356 760 3408 S.
780 3353 850 3406 Galli
874 3369 924 3421 per
943 3352 1100 3404 Straubiam
1119 3353 1248 3420 impress.
1269 3351 1318 3412 Nc.
1336 3351 1399 3414 XI.¹
1423 3364 1450 3400 es

322 3438 399 3490 cuius
419 3437 582 3492 collectione
604 3439 642 3504 (S.
661 3438 728 3490 Mac.
748 3437 803 3504 73.)
829 3439 865 3490 cl.
885 3439 918 3490 V.
940 3439 1106 3506 Voegelinua
1133 3431 1313 3508 apographon
1340 3439 1449 3502 benigne

327 3524 361 3575 ad
380 3539 422 3576 me
441 3525 525 3578 misit.
1118 3527 1121 3539 '
1270 3514 1282 3544 ''

701 3591 983 3679 (Fragmentum.)

206 3750 207 3754 ,
307 3696 385 3756 Eius
415 3695 644 3769 eruditionem,
676 3697 910 3774 eloquentiam,
940 3699 1093 3773 pietatem
1126 3706 1157 3758 et
1187 3695 1285 3758 animi
1316 3697 1450 3770 fideiqne

221 3799 430 3870 constantiam
469 3799 501 3858 in
533 3801 731 3877 perferendis
763 3802 803 3861 ab
832 3800 1008 3870 Veritatem
1039 3798 1200 3864 aerumnis
1236 3799 1375 3870 maxima
1403 3797 1448 3856 de-

221 3901 402 3978 praedicat,
439 3901 680 3978 amicitiamque
717 3921 806 3965 suani
836 3919 969 3979 syncera
1004 3903 1104 3963 odeat.
1162 3901 1295 3962 Laelius
1322 3900 1448 3960 Socinns

166 4031 169 4036 Δ
222 4005 392 4065 Carmonem
414 4003 491 4065 facit
513 4004 654 4069 maxim.

224 4154 293 4218 ari.
327 4155 507 4217 consata
553 4156 713 4239 (votvm.
737 4183 764 4236 ρ.
782 4155 868 4242 sis.)
1157 4141 1160 4147 ’
1250 4153 1336 4238 (anno
1354 4155 1448 4226 155⁰l

330 4240 501 4270 m
1128 4241 1130 4250 '
1253 4243 1441 4269 Μ

222 4317 262 4387 Ρ.
285 4319 331 4386 11.
360 4311 489 4414 (ceter
514 4305 703 4416 Hepemon
729 4339 797 4388 acu
822 4309 1010 4414 Herzapl)
1039 4315 1091 4386 ad
1108 4309 1445 4388 ‘Melanchlaenae

290 4427 366 4480 Hanc
392 4430 537 4497 epistolam
563 4447 597 4482 ex
624 4431 796 4498 autographo
817 4429 992 4483 collectionis
1020 4430 1201 4498 epistolarum
1218 4427 1445 4490 Laudashntiansa

326 4515 388 4568 Vol.
401 4516 421 4566 1.
440 4516 497 4569 sot
511 4519 569 4572 til.
588 4518 706 4602 primum
726 4517 814 4569 edidit
831 4518 898 4570 Dav.
911 4515 1008 4569 Schnln
1028 4517 1056 4568 in
1070 4516 1132 4567 Chr.
1148 4515 1191 4568 rr.
1203 4514 1313 4583 lligenii
1325 4514 1446 4584 cpiam·

311 4636 339 4703 l)
364 4636 430 4686 lade
449 4636 482 4685 ab
504 4651 529 4685 a.
554 4637 627 4687 1557.
647 4635 814 4702 theologiae
834 4637 977 4690 Professor
996 4638 1251 4704 argentoratensis:
