3072 5208
806 331 824 356 ἱ

468 421 715 488 curacensium
735 421 817 473 imm
846 423 921 475 roos.
1249 399 1313 476 217

95 583 280 661 Zuinglianos
311 584 404 644 tertio
435 595 563 658 quoque
595 593 688 638 versu
719 579 898 647 lacessere,
935 593 972 639 ac
1002 577 1179 655 zuinglium
1209 582 1311 658 ipsum

94 703 194 749 vexare
224 694 284 747 tarn
315 679 553 747 inhumaniter?
585 699 621 742 ac
652 697 692 742 ne
724 687 833 741 sancto
867 679 996 756 quidem
1027 697 1121 742 servo
1147 684 1309 747 Oecolam-

93 791 174 867 padio
202 785 356 867 parcere?
396 803 490 864 quein
518 786 639 846 utinam
678 781 811 843 dimidia
840 798 881 843 ex
912 790 1003 860 parte
1037 784 1179 845 referret.
1230 785 1311 847 Mihi

91 899 164 952 certe
191 894 285 968 longe
316 887 429 952 maiori
460 895 546 948 esset
578 887 610 946 in
633 884 747 960 pretio.
802 885 911 960 Neque
936 901 1012 946 vero
1037 887 1182 963 postulo,
1211 895 1245 948 ut
1267 889 1311 949 l·

91 1013 157 1054 uram
185 1012 273 1056 suam
303 995 432 1068 impune
460 987 581 1051 traduci
611 987 726 1049 tacitus
758 985 856 1048 sinat:
895 987 952 1047 sed
981 987 1097 1048 vellem
1130 992 1171 1050 ab'
1202 1007 1311 1052 eorum

91 1097 213 1158 virorum
236 1094 428 1158 contumelia
450 1093 640 1161 abstineret,
671 1105 802 1166 quorum
834 1091 986 1152 memoria
1014 1093 1078 1166 piis
1102 1093 1247 1154 omnibns
1277 1095 1310 1155 in

89 1203 196 1261 honore
220 1216 295 1260 esse
319 1199 420 1260 debet.
472 1197 583 1271 ltaque
615 1194 698 1254 sicut
728 1193 808 1253 mihi
831 1193 983 1270 displicet
1013 1193 1101 1254 illius
1124 1197 1311 1272 petulantia,

11 1319 13 1362 1
89 1306 166 1364 coins
190 1304 292 1380 elegis
317 1318 352 1362 se
377 1293 559 1361 infamatum
584 1297 685 1357 luisse
710 1294 870 1371 queritur,
894 1297 939 1357 ita
962 1297 994 1357 in
1019 1297 1090 1373 ipso
1116 1306 1147 1358 et
1170 1300 1310 1361 modera-

11 1419 12 1452 t
89 1407 211 1477 tionem,
236 1413 268 1465 et
292 1401 511 1481 prudentiam,
535 1399 587 1460 vel
610 1399 777 1460 sanitatem
800 1400 1081 1474 potiusdesidaro.
1115 1402 1202 1462 Deus
1219 1404 1312 1474 bone,

89 1509 186 1584 quales
216 1515 248 1568 et
278 1523 370 1582 qnam
399 1504 554 1565 iucundos
594 1504 683 1562 lusus
714 1504 902 1578 praebemus
932 1499 1089 1578 Papistis!
1123 1503 1215 1580 quasi
1245 1505 1312 1565 illis

11 1585 12 1606 Χ
89 1612 286 1673 locaverimus
310 1616 448 1669 nostram
472 1623 609 1686 operam.
646 1604 709 1664 Sed
732 1620 794 1681 ego
819 1605 998 1682 importune
1021 1607 1123 1676 iccio,
1148 1609 1203 1682 qui
1219 1609 1311 1668 malis

89 1713 149 1774 istis
171 1712 395 1782 recensendis,
420 1710 534 1790 quibus
558 1707 681 1768 mederi
704 1725 765 1767 non
789 1712 902 1782 potes,
927 1724 1102 1768 moerorem
1124 1709 1183 1768 tibi
1199 1711 1314 1771 frustra

88 1833 188 1894 augeo.
246 1814 413 1876 Gemarnus
453 1819 574 1880 tamen,
606 1807 753 1886 quoniam
790 1809 955 1870 Ecclesiae
990 1809 1199 1872 incommodis
1229 1813 1314 1874 alfici

89 1939 136 1982 nos
158 1921 265 1979 decet:
296 1917 354 1978 sed
377 1919 437 1977 hac
460 1931 518 1991 spe
542 1915 665 1974 interea
696 1931 753 1972 nos
777 1919 1007 1984 sustentemus,
1039 1915 1124 1990 quod
1152 1921 1313 1994 utcunque

89 2039 254 2098 premamur
277 2038 313 2081 ac
337 2035 489 2080 vexemur
511 2017 595 2076 inter
620 2031 750 2092 magnos
774 2015 904 2085 lluctus,
935 2035 995 2076 non
1025 2021 1129 2077 tamen
1154 2019 1312 2095 opprime-

90 2144 153 2186 rnnr.
196 2127 311 2204 Magno
335 2121 470 2184 Concilii
502 2117 728 2196 expectatione
759 2119 858 2178 erecti
889 2127 961 2178 sunt
990 2121 1127 2180 omnium
1159 2120 1257 2183 arrimi
1281 2124 1313 2183 in

90 2229 194 2290 Gallia:
218 2243 279 2288 nec
297 2225 427 2286 dubium
447 2224 521 2300 quin
537 2223 604 2283 Rex
629 2221 718 2298 ipse,
742 2221 857 2281 saltem
881 2205 990 2291 initio,
1014 2239 1103 2298 spem
1123 2223 1262 2298 aliquam
1281 2233 1312 2285 et

91 2333 269 2392 voluntatem
286 2325 422 2390 Concilii
441 2327 576 2404 cogendi
595 2323 750 2385 habuerit.
786 2322 862 2384 Nam
877 2339 896 2383 a
912 2323 1050 2384 Caesare
1074 2341 1222 2387 reversus
1243 2329 1314 2388 Car-

11 2459 13 2464 ·
90 2435 193 2494 dinalis
217 2434 395 2494 'lomonius
419 2430 468 2490 illi
493 2433 710 2506 persuaserat,
745 2429 913 2487 Caesarem
943 2427 974 2486 id
998 2428 1029 2487 in
1053 2430 1158 2489 animo
1182 2431 1312 2491 habere.

90 2537 200 2598 Interea
230 2537 416 2597 consulebat
449 2533 595 2594 Caesaris
625 2529 771 2600 nornine,
802 2537 836 2590 ut
865 2531 945 2590 duos
976 2538 1029 2591 aut
1060 2537 1123 2593 tres
1156 2549 1195 2593 ex
1219 2533 1312 2594 vobis

91 2639 146 2700 ilex
168 2641 204 2702 ad
230 2655 266 2699 se
290 2643 483 2698 accerseret:
509 2635 605 2710 idque
630 2650 789 2694 seorsum:
821 2649 882 2710 qno
907 2651 925 2694 a
949 2633 1085 2711 singulis
1109 2634 1232 2710 aliquid
1254 2653 1313 2712 per

90 2741 246 2803 blanditias
271 2741 424 2810 eliceret,
458 2737 506 2798 vel
529 2738 644 2814 quovis
668 2737 760 2797 modo
786 2744 1009 2814 extorqueret,
1044 2740 1128 2814 quod
1152 2741 1190 2800 ab
1215 2739 1313 2800 omni.

90 2847 136 2905 bns
165 2865 225 2906 non
258 2851 366 2920 posset
399 2843 492 2903 simul
529 2839 703 2918 impetrari.
762 2840 977 2902 Pollicebatm·
1012 2844 1128 2903 Caesar
1161 2843 1244 2904 idom
1275 2860 1311 2904 se

90 2949 237 3009 iacturum.
289 2945 347 3006 Hic
377 2963 471 3022 porro
501 2945 574 3004 linis
605 2950 690 3013 crat,
728 2951 761 3003 ut
790 2943 857 3004 illis
889 2944 981 3020 quasi
1018 2945 1227 3021 praeiudiciis
1258 2949 1312 3008 ob·

90 3052 188 3122 stricti,
214 3069 252 3112 eo
277 3049 380 3111 minus
399 3047 552 3126 possetis
577 3063 671 3122 qnurn
694 3047 733 3108 ad
756 3047 873 3108 seriam
896 3047 1164 3124 disceptationem
1185 3058 1313 3110 ventum

92 3163 171 3214 esset.
223 3155 299 3215 Nam
333 3155 409 3228 quia
438 3151 539 3228 lrangi
569 3167 626 3210 nos
657 3150 687 3209 in
712 3157 798 3210 recta
824 3156 855 3208 et
880 3151 1019 3226 simplici
1044 3169 1160 3212 causae
1184 3151 1313 3215 actione

91 3257 264 3334 desperant,
294 3257 415 3316 nullum
439 3254 547 3314 vident
570 3253 684 3313 melius
708 3237 949 3330 compendium,
983 3271 1073 3328 quam
1097 3257 1126 3316 si
1149 3255 1313 3333 Principes

92 3359 213 3421 habeant
236 3358 410 3428 obnoxios,
440 3363 471 3416 et
502 3357 593 3431 qnasi
625 3355 761 3416 vinctam
792 3373 828 3416 ac
857 3355 1020 3434 alligatam
1051 3364 1178 3418 teneant
1203 3375 1312 3419 comm

92 3461 264 3524 libertatem.
312 3461 378 3522 lloc
401 3458 570 3521 consilium
594 3476 690 3535 quum
714 3461 793 3536 Regi
816 3461 976 3536 placeret,
1009 3460 1137 3538 negavit
1161 3463 1311 3524 Castella-

93 3581 155 3636 uns,
177 3565 419 3627 committendos
444 3561 535 3623 vobis
559 3563 597 3623 ad
621 3559 872 3638 disputationem
897 3563 1006 3624 Gallos
1030 3565 1225 3642 Theologos,
1248 3565 1313 3626 nisi

94 3668 163 3728 bone
188 3677 260 3731 anta
289 3665 438 3728 instructi
469 3674 578 3727 essent
606 3682 642 3727 ac
667 3665 850 3743 comparati.
903 3665 968 3728 Vos
999 3668 1145 3729 homines
1176 3685 1249 3730 esse
1281 3671 1313 3729 in

94 3769 145 3830 hoc
166 3785 289 3848 pugnae
312 3785 432 3847 genere
455 3767 665 3830 exercitatos:
697 3784 755 3829 nec
786 3776 848 3830 tam
878 3770 973 3832 laoile
998 3785 1095 3847 posse
1119 3769 1312 3833 labefactari.

95 3871 257 3934 Cavendum
282 3887 373 3943 esse,
403 3889 443 3934 ne
467 3874 534 3934 Rex
557 3871 685 3949 prodita
714 3891 843 3933 suorum
873 3873 1019 3942 inscitia,
1053 3880 1153 3934 totum
1182 3891 1313 3951 regnum

95 3992 191 4052 magno
222 3977 358 4037 ludibrio
391 3983 575 4054 exponeret.
637 3977 776 4038 Ambitio
807 3977 904 4054 Regis
939 3977 1016 4037 fecit
1046 3983 1080 4038 nt
1111 3979 1315 4055 praevaleret

96 4077 162 4138 hoec
184 4081 351 4142 sententia.
400 4077 575 4141 Duodecim
606 4087 678 4140 sunt
708 4079 842 4150 delecti,
875 4082 930 4155 qui
953 4079 1115 4142 Meloduni
1139 4083 1179 4140 de
1202 4081 1313 4159 capiti-

96 4180 144 4239 bus
170 4186 382 4244 controversis
413 4181 593 4260 disputent:
630 4192 660 4243 et
690 4186 816 4245 tandem
845 4186 884 4246 ad
915 4187 1033 4262 Regem
1068 4187 1207 4246 referant
1237 4183 1313 4262 qnid

97 4287 268 4346 censuerint.
314 4285 484 4346 Silentium
514 4287 716 4347 iureiurando
748 4289 969 4363 promiserunt.
1019 4288 1083 4348 Sed
1114 4289 1179 4349 illis
1209 4297 1313 4350 taccn-
1401 4305 1402 4308 ’

98 4385 169 4446 tibus
192 4397 275 4450 certo
300 4389 385 4460 scio,
411 4387 490 4449 nihil
515 4391 554 4449 de
580 4389 936 4467 opprimendaveritato
958 4399 1100 4462 acturos,
1124 4408 1159 4453 se
1174 4394 1312 4468 qualem-

98 4503 206 4564 cunque
230 4493 484 4554 reformationem
508 4509 663 4568 quaerere
692 4502 853 4567 utcunque
884 4495 1048 4554 simulent:
1083 4502 1169 4555 certo
1194 4496 1313 4556 certius

100 4600 140 4648 est
162 4594 216 4654 hoo
238 4613 329 4656 nomn
355 4597 488 4672 agitare,
514 4597 650 4670 qualiter
673 4599 799 4672 sepulta
823 4615 919 4656 sanae
942 4598 1105 4658 doctrinae
1130 4602 1200 4658 lnce
1225 4617 1314 4659 snam

99 4695 278 4766 tyrannidem
309 4699 480 4760 stabiliant.
534 4699 599 4776 Ego
628 4700 804 4760 Cardinalis
828 4701 980 4760 'l'urnonii
1011 4699 1181 4763 consilium
1205 4719 1222 4762 a
1245 4703 1313 4762 Deo
