3084 5208
490 272 736 331 surnmuanar
755 275 838 333 auur
859 275 933 330 raa.
1267 258 1329 331 tat

106 426 234 500 attineat,
257 428 355 492 tacita
377 445 497 493 rnorem
522 423 644 508 gerere'
659 427 845 507 Imperatori
869 447 982 506 posse:
1007 437 1115 497 tannen
1129 434 1328 497 couscientia

103 547 165 600 sua,
187 537 218 591 et
240 531 400 609 religione
421 533 561 597 muneris
584 529 635 592 sui
657 533 782 608 urgeri,
813 539 846 592 ut
877 530 952 594 aliis
985 533 1111 596 idoneis
1135 535 1328 599 Doctoribus

100 639 202 708 utatur.
246 634 293 697 lta
314 635 493 698 discessum
516 641 582 704 est,
614 651 676 712 spe
705 636 814 712 aliqua
843 635 1037 712 placationis
1068 637 1166 698 animi
1192 637 1326 724 impera

100 735 164 797 lorii
186 733 217 796 in
241 743 391 800 nostrum.
442 737 619 800 Discedens
644 736 728 798 enirn
754 738 857 814 palam
883 737 1050 798 admodum
1074 740 1254 805 humaniter
1276 756 1326 801 se«.

99 839 188 902 cundo
211 839 368 905 valedixit
392 841 463 912 seni
485 838 517 901 in
543 856 626 916 equo
651 845 763 917 aperto
786 841 910 918 capite,
943 857 1015 902 cum
1045 848 1199 918 exceptus
1222 843 1261 904 ab
1286 858 1324 902 eo

97 941 254 1004 admodum
275 941 395 1020 frigide
412 940 502 1005 visus
526 949 613 1006 esset
636 957 671 1004 se
695 943 824 1002 babere.
860 940 922 1002 Sed
947 959 1017 1004 cum
1040 950 1171 1020 rogatus·
1190 951 1325 1021 quatuor
1418 945 1421 950 '

97 1044 489 1121 tombadssluparatorl
518 1041 664 1107 misisset
692 1045 724 1106 in
758 1052 861 1108 castra
889 1045 1086 1116 mediocres,
1121 1064 1190 1110 cum
1219 1050 1325 1124 perito

97 1146 215 1208 bomine
244 1147 430 1212 bombardas
460 1147 633 1218 tractandi,
663 1149 789 1224 quidam
820 1164 861 1208 ex
889 1150 1031 1212 Ducibus
1062 1166 1133 1210 eum
1164 1152 1324 1215 hominem

96 1251 241 1312 duxerunt
262 1250 303 1312 ad
325 1251 445 1322 locum,
470 1251 502 1312 iu
525 1269 587 1327 quo
612 1251 802 1314 bombardae
826 1252 1029 1328 imperatoris
1052 1255 1194 1322 stabant,
1219 1261 1323 1314 osteu-

31 1355 33 1382 l
96 1353 262 1430 donantque
285 1353 398 1416 ordine
421 1354 486 1422 illi,
515 1371 593 1430 quas
622 1355 797 1420 donassent
828 1354 960 1432 parunt,
993 1355 1106 1430 partim
1137 1362 1245 1416 mutuo
1269 1357 1322 1416 de-

29 1447 32 1498 ῖ
96 1456 206 1518 dissent
229 1457 331 1518 ceteri
359 1457 524 1518 Electores
547 1465 580 1518 et
601 1457 775 1533 Principes.
821 1458 868 1518 lbi
899 1465 1006 1520 noster
1032 1456 1112 1518 mire
1136 1455 1322 1533 pudefactus

95 1565 144 1620 est.
186 1560 261 1624 Nem
285 1567 413 1624 trustrae
437 1560 626 1622 bombardae
657 1560 723 1622 illis
754 1563 841 1624 nullo
870 1561 966 1622 modo
986 1561 1198 1622 conserendae
1223 1571 1321 1622 erant.

94 1661 206 1723 Deinde
235 1662 348 1722 ductus
377 1669 425 1723 est
454 1659 498 1725 ad'
523 1660 747 1738 Imperatorem
779 1667 873 1726 bomo
903 1664 977 1734 ille,
1013 1663 1067 1739 qrai
1098 1663 1169 1738 ipse
1197 1665 1320 1728 homini

91 1763 178 1826 dixit:
212 1765 320 1826 Reduc
336 1765 534 1830 «bombardas
570 1765 602 1829 in
632 1767 753 1836 locum,
791 1783 811 1828 e
841 1785 903 1842 quo
935 1781 991 1828 eas
1025 1765 1205 1838 adduxisti,
1240 1775 1272 1826 ct
1302 1783 1320 1828 e

91 1869 221 1946 vestigio
245 1867 338 1938 vide,
361 1874 396 1930 ut
416 1869 479 1932 huo
502 1868 632 1937 redeas,
666 1868 774 1944 quanti
797 1886 848 1930 me
871 1877 905 1930 et
926 1876 1013 1931 tuum
1036 1867 1205 1930 Dominum
1229 1871 1320 1940 lacis,

90 1969 161 2032 dabo
185 1978 247 2031 tum
272 1969 332 2030 tibi
354 1971 392 2032 ad
416 1977 504 2032 tuum
525 1973 694 2032 Dominum
725 1970 847 2034 literas.
902 1971 978 2032 ldeo
1009 1989 1081 2030 num
1105 1973 1222 2034 allatae
1246 1972 1320 2043 sint,

89 2078 136 2131 aut
157 2073 268 2149 quales
291 2073 371 2142 siut,
395 2074 514 2136 neseio.
567 2073 645 2134 Seni
676 2075 769 2136 adest
799 2075 951 2150 quicquid
982 2074 1100 2134 Christi
1132 2075 1229 2137 solidi
1260 2085 1319 2138 cst.

89 2174 207 2250 Reliqui
230 2173 423 2252 respiciunt,
458 2182 491 2236 ut
521 2177 604 2236 solet
627 2177 729 2238 omnis
760 2178 874 2247 homo,
897 2175 937 2237 ad
967 2191 1022 2245 ea,
1054 2174 1191 2251 quaein
1216 2179 1319 2240 oculis

88 2282 160 2336 suut.
207 2278 286 2338 Caro
311 2278 431 2340 iudicat
453 2279 494 2340 de
517 2295 573 2348 eo,
608 2280 691 2355 quod
719 2279 822 2348 simet
843 2280 1005 2348 iudicabat
1027 2279 1068 2338 de
1089 2278 1226 2342 Domino
1250 2299 1317 2342 suo.

87 2378 204 2442 Utinam
227 2380 313 2442 idem
334 2381 433 2443 fatum
456 2384 544 2443 senis
567 2381 618 2444 sit.
663 2383 799 2444 Fortuna
824 2399 923 2459 prope
947 2380 1058 2442 eadem
1082 2387 1135 2442 aut
1156 2397 1239 2451 esse,
1263 2389 1317 2442 aut

86 2481 181 2542 lutura
204 2481 385 2546 creditura
408 2484 570 2562 plurimis,
602 2501 683 2561 quae
715 2492 781 2545 erat
813 2485 862 2555 ei,
893 2485 945 2546 cui
969 2482 1069 2542 Simei
1098 2482 1316 2542 benedicebat.
1407 2520 1410 2526 -

87 2584 171 2645 Gelso
194 2592 300 2648 tamen
323 2595 373 2648 est
396 2588 510 2650 animo.
556 2587 692 2650 Senatus
707 2587 909 2652 Coloniensis
933 2584 1117 2660 impetravit
1134 2584 1317 2662 Mogontiae

84 2685 187 2750 literas
218 2692 256 2752 ab
288 2689 482 2766 Imperatore
512 2691 552 2752 ad
583 2707 619 2752 se
628 2735 652 2761 „1
670 2691 863 2754 laudatrices
894 2697 927 2750 ct
956 2687 1207 2750 confirmatrices
1239 2703 1317 2748 suae

83 2791 274 2854 constantiae
301 2801 412 2856 contra
441 2811 554 2856 nouam
577 2793 760 2854 doctrinam.
814 2794 876 2856 Eas
901 2793 1013 2855 literas
1036 2798 1165 2867 praetor
1196 2806 1315 2852 morem

83 2895 201 2970 publice
223 2897 369 2974 praelegi
392 2897 513 2974 populo
537 2897 695 2966 lecerunt,
718 2897 923 2974 capitulaque
946 2897 1107 2964 lecerunt,
1131 2912 1233 2954 novos
1251 2895 1314 2956 Do-

82 3005 179 3060 ctores
207 2998 323 3060 audire
351 3001 404 3059 vel
433 2999 577 3078 bospitio
608 3000 769 3072 excipere.
820 2999 969 3060 Pontifex
997 2995 1129 3073 scripsit
1155 2997 1314 3074 capitulo,

82 3117 156 3176 quac
178 3102 281 3164 mitto.
316 3103 460 3166 sacrifici
483 3103 536 3164 hic
559 3103 713 3180 plurimos
735 3102 948 3169 accenderunt
964 3117 1077 3178 magna
1093 3099 1313 3176 indignatione

82 3212 183 3266 contra
202 3221 316 3268 senem
340 3213 371 3268 et
394 3225 451 3270 nos
461 3241 469 3276 ,·
492 3223 667 3284 persuasos
680 3206 807 3269 scilicet
822 3220 945 3277 ornarem
961 3201 1170 3272 calamitatem
1187 3201 1313 3265 illorum

82 3321 148 3368 esse
177 3314 310 3386 propter
339 3316 478 3373 nostram
505 3309 690 3373 doctrinam.
750 3307 818 3368 ilco
848 3305 931 3366 euim
963 3313 994 3364 et
1025 3304 1172 3380 hospites
1203 3303 1312 3364 testati

82 3416 154 3472 sunt.
197 3411 312 3473 adbuc
333 3419 436 3480 tamen
461 3411 642 3489 pergimus,
669 3417 701 3473 et
728 3411 846 3470 inultus
877 3410 1034 3485 populus,
1066 3405 1241 3482 qararnlibet
1266 3408 1311 3468 in-

82 3513 183 3584 gentia
202 3513 318 3574 damua
339 3531 398 3576 sua
413 3516 587 3592 profitetur
615 3513 845 3589 aequanimiter
869 3513 1020 3578 laturum,
1051 3508 1142 3572 modo
1167 3511 1312 3586 Religio·

59 3630 147 3706 'nem
175 3617 300 3678 Christi·
321 3615 464 3680 retinere
496 3616 608 3695 possit.
650 3614 751 3678 tantu
781 3615 876 3678 etiarn
909 3612 1044 3677 subinde
1068 3613 1228 3688 baptizant
1252 3632 1311 3674 uos

82 3717 243 3791 grandibus
268 3723 433 3782 convitiis·
473 3723 524 3784 Mc
547 3722 681 3784 tandem·
696 3719 828 3786 dimittit
851 3733 949 3780 seuflx
975 3733 1050 3778 eum¹
1069 3714 1231 3786 badiano,
1255 3718 1309 3790 qui

83 3817 238 3882 admodum
262 3824 313 3882 his
337 3825 436 3884 turbis
460 3831 683 3884 commovetur.
720 3821 913 3895 Quamquam
938 3817 1010 3893 quis
1034 3835 1097 3877 non
1121 3814 1308 3876 moueatur?

83 3918 324 4001 lleinertzbagio
363 3933 395 3986 at
423 3925 565 3988 Mathiae
593 3922 738 3986 Ecclesia
772 3919 941 3985 commissa
971 3918 1039 3979 erit.
1092 3918 1148 3978 llis
1177 3920 1309 3980 aderunt

82 4008 271 4096 Francisous,
309 4027 478 4098 Martinus,
514 4035 545 4087 et
581 4027 759 4104 discipulus
796 4019 1041 4098 ltleinertzlragii
1070 4019 1309 4096 Altendorpius.

82 4123 205 4190 instatur
227 4129 433 4215 impressori,
457 4139 491 4192 ut
515 4128 698 4190 reformatio
722 4145 815 4204 qrrem
838 4123 972 4204 primurn
996 4129 1097 4206 exeat.
1137 4124 1306 4186 Exercitus

80 4225 383 4318 brabentiepsDuce
406 4231 555 4310 Principe
577 4229 717 4292 Uraniae
742 4235 922 4306 expugnata
945 4227 1033 4304 prius
1058 4241 1130 4284 arce
1153 4225 1306 4298 lllerniau,

82 4337 109 4390 el
134 4349 174 4397 aa
199 4334 379 4420 ddiuueuia
406 4344 577 4411 occupata,
611 4336 652 4398 ad
681 4335 908 4412 Imperatorem
935 4329 974 4388 ad
1004 4329 1114 4388 ducem
1149 4333 1308 4409 pervenit.

80 4433 183 4496 lerunt
212 4439 363 4514 oppidum
392 4441 501 4502 Duron
533 4439 674 4514 undique
712 4437 847 4498 cinctum
884 4449 957 4494 esse
987 4439 1019 4490 et
1046 4434 1225 4510 oppugnari
1255 4437 1308 4494 du-

81 4533 206 4598 rissime.
252 4541 382 4622 Septem
412 4541 444 4610 iu
469 4541 593 4620 oppido
610 4542 738 4618 ‚uexilla
761 4554 833 4600 esse
863 4537 1021 4606 teruntur,
1051 4537 1139 4595 Duce
1162 4537 1307 4611 quodam,

1500 4471 1503 4542 ι

1499 4555 1502 4636 p

1498 4655 1501 4702 l
