3072 5208
223 293 293 368 208
624 313 970 368 amnemamnem
991 317 1068 372 raro.

226 471 296 531 ³11.
330 473 383 530 No.
399 471 509 533 36785.
556 469 633 554 (Vol.
647 476 697 532 VI.
720 495 747 550 p.
763 470 849 557 ³34.)
1318 476 1369 536 25.
1393 477 1458 533 Dec.

326 556 666 726 &modus
695 631 827 701 oetam
858 627 911 699 od
932 627 1280 704 Meloocbtliooem.
1329 562 1453 591 *aa

256 779 263 788 ·
294 762 368 814 Haeo
386 761 504 830 epistola
523 761 668 814 exhibetur
686 761 712 812 io
732 761 772 812 lo.
793 759 898 811 l'ecbtii
916 760 1001 813 libro:
1031 760 1168 814 Historiae
1189 763 1398 816 ecclesiasticae
1417 762 1460 812 Se·

231 879 235 886 ·
328 847 381 900 culi
401 863 426 898 a.
447 864 473 900 ιι.
493 847 520 898 C.
539 845 613 898 xvi.
639 847 878 916 supplementum
904 846 1082 915 plurimorum
1110 855 1138 899 et
1164 849 1403 900 celeberrimarum
1428 864 1461 899 ex

324 933 371 986 ilio
391 949 457 986 aevo
475 933 673 1000 Theologornm
693 933 836 1002 epistolis,
862 933 897 984 ad
916 933 1059 998 loannem,
1084 933 1226 988 erasmum
1247 941 1274 986 et
1292 935 1459 1003 Philippum,

325 1017 515 1082 uerberatos,
533 1045 568 1058 -
586 1023 724 1072 constans.
742 1015 864 1070 Dirisum
884 1017 912 1067 ta
930 1016 990 1066 Vlll
1010 1017 1105 1070 libros.
1124 1017 1311 1083 (Frsacolurti
1326 1017 1461 1087 asspicio

325 1104 401 1158 ross
417 1101 478 1168 4⁰.)
495 1103 524 1152 r.
537 1101 611 1159 vm,
629 1119 658 1170 p.
670 1101 827 1156 arn-saa

224 1223 431 1296 Clarissimo,
464 1219 664 1285 Doctissimo
693 1233 726 1283 ct
753 1219 901 1284 comibus
934 1221 1116 1286 virtutibus
1151 1217 1337 1285 excellenti
1371 1220 1459 1298 Viro,

222 1325 269 1390 D.
283 1324 441 1410 Philippo
455 1323 707 1388 Melonclrtbom'
726 1323 888 1387 baiarum
910 1332 1038 1388 ortium
1059 1339 1094 1387 et
1114 1331 1266 1390 coelestis
1284 1328 1459 1389 doctrinae

224 1435 402 1503 assertori,
431 1427 649 1513 Praeceptum·
670 1440 703 1490 et
723 1440 882 1511 tanquam
900 1434 1000 1510 patri
1020 1449 1079 1492 suo
1102 1433 1202 1509 longe
1224 1435 1399 1492 carissimo
1421 1449 1461 1489 oc

670 1544 836 1614 perpetue
858 1531 1005 1594 calendo.

310 1657 339 1716 S.
355 1654 385 1715 P.
401 1655 437 1714 D.
473 1651 562 1723 Quod
585 1667 635 1712 me
658 1649 788 1729 dignum
810 1653 922 1723 habes,
945 1650 990 1713 mi
1013 1652 1216 1728 Praeceptor,
1243 1668 1340 1728 quem
1357 1652 1458 1714 literis

224 1754 323 1832 tuis¹)
346 1769 456 1824 ornes,
479 1755 583 1815 habeo
607 1751 666 1815 tibi
689 1755 835 1830 gratiam,
859 1754 976 1830 quibus
1000 1770 1061 1832 ego
1085 1753 1131 1816 ita
1153 1755 1306 1824 delector,
1335 1761 1372 1816 ut
1394 1755 1457 1815 illis

225 1860 256 1919 in
279 1861 339 1920 hac
361 1857 428 1918 vita
457 1858 577 1934 gratius
606 1873 644 1918 ac
673 1858 842 1918 iucundius
873 1858 952 1918 nihil
985 1859 1128 1920 habeam.
1180 1857 1248 1918 Hae
1283 1863 1358 1918 sunt
1381 1875 1457 1935 opes

224 1977 332 2031 meae,
356 1961 391 2021 hi
413 1958 572 2030 thesauri,
596 1961 658 2021 hae
682 1977 822 2022 summae
846 1958 995 2021 deliciae.
1050 1961 1193 2022 Aliorum
1217 1961 1366 2036 quamvis
1390 1981 1455 2022 con-

224 2063 491 2126 iunctissimorum
515 2064 676 2124 hominum
699 2060 829 2134 literas,
853 2065 954 2124 semel
979 2063 1158 2142 perlectas,
1182 2080 1323 2140 repono,
1351 2065 1456 2126 harum
1529 2107 1530 2130 2

225 2167 365 2228 lectione
389 2164 501 2226 satiari
524 2167 611 2226 nullo
635 2166 728 2226 modo
752 2184 890 2242 possum.
925 2165 1035 2227 Vicies
1059 2183 1115 2228 eas
1139 2165 1171 2228 in
1196 2165 1250 2226 die
1275 2184 1401 2243 promo,
1423 2184 1457 2227 ac
1529 2159 1530 2178 ¹

224 2267 352 2347 quoties
374 2267 474 2330 sumsi
497 2269 530 2329 in
553 2287 681 2340 manue,
716 2269 786 2330 sive
816 2284 887 2330 cum
918 2268 1048 2346 aperio,
1077 2267 1148 2329 sive
1178 2285 1248 2330 cum
1271 2271 1455 2331 convolutos

223 2372 353 2452 claudo,
377 2373 492 2433 iterum
515 2371 611 2447 atque
634 2374 751 2433 iterum
774 2372 961 2442 deosculor,
986 2379 1019 2432 at
1042 2373 1083 2432 de
1105 2370 1331 2433 ardentissimo
1353 2372 1454 2434 cordis

224 2475 340 2538 affectu
363 2477 567 2554 complector,
591 2476 681 2536 caius
705 2475 784 2536 mihi
806 2474 913 2536 vivam
938 2475 1032 2551 qnasi
1055 2476 1228 2553 imaginem
1250 2477 1313 2536 hae
1337 2478 1454 2537 referre

222 2579 378 2642 videntur.
423 2580 466 2638 Te
491 2579 594 2656 ipsum
618 2577 698 2638 mihi
720 2596 882 2656 propono,
915 2579 1138 2661 cogito-tuam
1168 2578 1202 2639 in
1231 2579 1454 2657 congressibus

222 2681 449 2751 festivitatem,
479 2699 627 2741 summanr
651 2681 859 2759 gravitatem,
891 2682 1086 2760 singularem
1109 2682 1325 2757 prudentiam,
1359 2685 1454 2744 incre-

222 2785 352 2846 dibilem
375 2800 459 2860 pene
481 2784 646 2845 lenitatem
668 2801 706 2845 ac
727 2783 1011 2846 rnansuetudinem.
1065 2785 1126 2844 ista
1157 2784 1360 2862 cogitatione
1392 2788 1453 2863 ple·
1528 2805 1529 2874 ι

223 2903 355 2964 rumque
378 2893 410 2947 et
434 2885 617 2947 solitudinis
638 2888 778 2949 taedium
802 2889 888 2957 vilo,
918 2895 950 2947 et
973 2887 1112 2958 doloris,
1139 2904 1233 2962 quem
1257 2903 1297 2950 ex
1321 2905 1453 2950 commu·
1528 2877 1529 2888 ¹

223 2991 316 3052 nibus
347 2989 507 3051 aerumnis
538 2990 649 3067 capio,
685 2992 894 3052 acerbitatem
924 2991 1019 3052 lenio.
1079 2991 1143 3052 Iam
1173 2992 1300 3053 tertiam
1339 2995 1397 3054 abs
1426 2999 1454 3051 te

224 3093 392 3170 epistolam
404 3093 429 3173 ¹)
457 3094 578 3170 accepi.
629 3094 696 3172 Ego
724 3096 843 3155 nullam
871 3094 1075 3156 occasionem
1105 3094 1255 3172 neglexi,
1293 3097 1371 3171 quin
1402 3095 1453 3156 ali·

224 3195 300 3273 quid
324 3197 363 3257 ad
387 3203 419 3256 te
444 3197 607 3258 literarum
638 3197 790 3258 dederim.
843 3199 887 3257 Te
918 3200 1126 3258 vehementer
1157 3215 1234 3276 rogo
1265 3205 1363 3274 atque
1392 3215 1453 3265 oro,

221 3306 256 3361 ut
279 3300 435 3377 deinceps
459 3315 587 3375 quoque
610 3300 723 3360 adme
749 3300 887 3370 scribas,
920 3301 1088 3361 devincies
1111 3317 1162 3361 me
1186 3299 1247 3360 tibi
1270 3306 1402 3362 aeterno
1425 3305 1452 3358 et

177 3403 179 3406 ’
223 3403 395 3464 immortali
417 3403 585 3462 beneficio.
621 3401 660 3462 Et
678 3418 858 3478 quanquam
875 3401 982 3464 omnia
1002 3419 1123 3463 summa
1140 3403 1247 3464 cilicia
1262 3403 1322 3464 tibi
1341 3404 1450 3471 debeo,

222 3513 327 3566 tamen
352 3507 380 3566 si
403 3507 465 3566 hoc
489 3522 617 3582 quoque
637 3507 828 3567 beneficium
853 3506 1013 3582 prioribus
1047 3506 1111 3566 tuis
1135 3504 1260 3567 meritis
1284 3506 1450 3574 adieceris,
1527 3491 1528 3496 ἵ

221 3626 335 3688 magna
359 3616 390 3668 et
414 3607 534 3687 insigni
565 3610 752 3670 accessione
781 3616 869 3670 tuum
900 3625 976 3688 erga
1006 3624 1057 3669 me
1087 3625 1227 3670 amorem
1250 3610 1450 3676 confirmaris,

221 3729 281 3773 nec
304 3713 365 3773 erit
386 3693 570 3788 quicquam,
595 3713 677 3789 quod
695 3713 735 3773 ad
751 3714 962 3774 arctissimum
978 3712 1235 3789 perfectissimae
1250 3712 1450 3790 obligationis

221 3816 381 3877 vinculum
405 3817 526 3891 requiri
549 3818 685 3893 amplius
709 3817 822 3894 possit.
868 3815 1042 3878 Humanum
1067 3820 1134 3885 est,
1157 3822 1193 3875 ut
1213 3821 1323 3876 noster
1345 3814 1449 3875 Cicero

221 3916 342 3994 inquit,
372 3918 423 3979 cui
447 3920 576 3980 multum
597 3921 731 3990 debeas,
762 3921 794 3979 ei
818 3919 987 3996 plurimum
1012 3919 1099 3978 velle
1121 3918 1248 3979 debere.
1295 3919 1382 3990 Quod
1403 3932 1448 3977 me

220 4022 377 4093 hortaris,
406 4030 441 4082 ut
463 4023 623 4093 dolorem,
655 4039 748 4098 quem
772 4029 962 4100 conspectus
994 4021 1210 4083 calamitatum
1234 4030 1267 4083 et
1290 4021 1448 4084 servitutis
1526 4101 1527 4106 ἵ

221 4125 421 4187 Pannonicae
444 4123 524 4186 milri
547 4125 666 4195 adfert,
697 4126 875 4196 moderem‚
903 4126 1051 4202 equidem
1074 4126 1105 4185 id
1129 4125 1240 4186 sedulo
1264 4126 1369 4187 iacere
1390 4129 1447 4183 stu·
1526 4111 1527 4130 ¹

221 4228 301 4305 deo,
325 4230 382 4289 sed
405 4245 589 4299 aerumnae,
614 4246 696 4305 quae
720 4229 865 4305 quotidie
889 4230 1086 4298 nuntiantur,
1117 4229 1273 4308 rationem
1298 4234 1330 4289 et
1353 4227 1445 4290 oonsi-

222 4332 300 4391 lium
329 4339 489 4408 superant.
548 4331 641 4392 Turci
677 4331 782 4394 indies
816 4330 952 4393 ulterius
988 4331 1163 4407 procedunt
1198 4337 1293 4405 alque
1330 4327 1446 4407 imperii

308 4518 334 4582 1)
361 4519 416 4569 Hae
436 4527 492 4570 tres
513 4521 647 4586 epistolae
668 4521 785 4572 nondum
805 4525 931 4586 repertae
951 4527 1022 4570 sunt.
1060 4522 1087 4570 ln
1108 4519 1227 4584 Corpore
1242 4519 1303 4572 Rei.
1321 4517 1444 4570 invenitur

219 4605 329 4657 nonnisi
349 4606 451 4668 serius,
471 4607 497 4661 d.
517 4607 559 4656 ⁴20.
580 4605 645 4657 Maii
668 4607 741 4662 raso.
763 4623 778 4656 a
797 4605 1004 4656 Melanchthone
1029 4605 1063 4655 ad
1083 4605 1139 4671 Sig.
1160 4605 1272 4658 Gelaum
1291 4606 1398 4671 scripta.
