3020 5206
246 305 310 383 tte
651 319 896 376 surrecturum
921 320 1002 375 arur
1027 321 1107 378 rear.

245 483 335 542 Anno
359 480 527 556 superiore
548 477 637 540 dedit
661 475 693 538 ei
714 484 843 538 senatus
867 477 1114 554 eleemosynam,
1137 491 1198 552 qua
1219 473 1378 552 frugaliter
1396 489 1456 533 usus

249 589 309 644 est
350 583 545 646 Benenate.
590 581 650 642 Die
675 582 728 641 ιι.
750 581 842 641 lunii.

1176 695 1352 774 Philippus.
1406 770 1409 779 Ι

330 823 469 884 Salutem
492 819 586 882 vobis
608 797 867 897 omnibns'optos

760 1008 967 1029 -u--n——t-

246 1153 317 1213 ⁴30.
350 1151 532 1214 Netfflssffl.
576 1155 654 1229 (vot.
675 1154 730 1211 1x.
752 1151 883 1229 atel.)
920 1195 923 1202 .

351 1239 522 1268 Μ

627 1358 910 1458 alternaret
932 1360 1140 1452 muratae.
1185 1436 1188 1446 ,

289 1539 294 1550 ·
311 1517 388 1581 'llam
406 1527 546 1596 epistolam
564 1539 597 1577 ex
614 1527 773 1594 apomphe
792 1526 914 1578 eiusdem
931 1526 1070 1591 tempesta.
1091 1525 1210 1588 qued-ln
1223 1521 1359 1575 emulano
1375 1527 1461 1576 acerete

344 1614 513 1682 Reginmoatl
532 1621 693 1675 essemus,
717 1615 837 1680 prlmmm
851 1609 1005 1678 divulgante
1038 1610 1101 1664 Max
1116 1610 1271 1680 Toeppen
1264 1625 1291 1662 m
1311 1609 1377 1660 libre
1393 1621 1458 1674 snpra

349 1701 400 1750 iam
413 1700 522 1765 saeptus
538 1699 666 1752 laudate:
685 1701 742 1752 llic
754 1701 916 1768 Grdnduag
928 1699 1178 1752 derllnteersttdt
1189 1713 1229 1750 zu
1237 1697 1461 1764 Kdnlqelergetc.

342 1800 370 1852 p.
382 1785 434 1839 310
451 1801 493 1850 sq.
512 1783 632 1852 epietmd
731 1819 734 1826 ·

243 1950 478 2018 ΙΙΙωινίιιίιιιο
507 1955 665 2038 Principe·
692 1967 725 2016 et
752 1952 917 2030 Domina,
948 1953 1094 2020 nauseo
1113 1951 1261 2024 Attene
1290 1950 1463 2018 Mar-client

238 2053 585 2138 ermembergam,
613 2055 708 2122 Daci
727 2055 929 2132 Bormiae,
956 2057 1180 2128 Panaenum
1203 2069 1265 2122 etc.
1297 2054 1342 2120 Et
1361 2053 1461 2132 Burg-

241 2166 364 2239 gram‘e
385 2159 633 2241 Naridergma'
653 2173 715 2226 etc.
742 2160 900 2245 &impl
919 2174 955 2226 et
974 2160 1118 2226 nonem
1140 2181 1198 2226 sue
1220 2162 1461 2226 cananeum.

328 2335 358 2396 S.
381 2333 416 2394 D.
461 2333 678 2398 lttustrissime
696 2341 733 2412 et
757 2333 1012 2396 (dementissime
1034 2335 1195 2412 Princeps.
1242 2333 1315 2394 Cum
1339 2331 1387 2392 vir
1406 2330 1458 2388 dlu-

243 2437 388 2500 rissimus
410 2440 529 2502 Docter
557 2438 700 2500 Andreas
733 2437 900 2500 Aurilaber
931 2436 1121 2500 celsitudini
1143 2437 1180 2496 V.
1210 2435 1410 2516 expositurus
1429 2431 1461 2491 sit

239 2556 282 2600 ea
295 2555 378 2618 quac
400 2541 454 2599 hic
477 2541 631 2618 comperit
654 2541 694 2602 de
710 2549 819 2602 nostro
842 2540 960 2602 itinere
978 2539 1201 2602 wormatiensi
1223 2540 1327 2602 scribo
1340 2535 1459 2601 brevius.

241 2643 349 2702 lussus
373 2660 440 2701 surn
465 2643 527 2702 iter
550 2641 686 2720 ingredi,
709 2627 743 2704 ut
759 2644 961 2705 wormatiam
984 2643 1110 2708 veniam
1132 2641 1183 2703 dle
1206 2652 1318 2706 octava
1335 2638 1461 2720 Augusti.

241 2748 371 2804 utente
395 2730 858 2826 Congressumcuml’npistts
886 2724 977 2808 xinter
1000 2766 1058 2808 nos
1089 2747 1130 2807 de
1154 2747 1270 2806 nostris
1304 2741 1461 2807 dissensio-

240 2846 334 2908 nibus
358 2847 580 2912 deliberemus.
626 2851 694 2912 Etsi
719 2850 758 2910 de
782 2831 936 2926 periculis
959 2851 1056 2911 multa
1078 2849 1198 2928 cogito,
1229 2856 1336 2910 tamen
1361 2849 1459 2907 obten-

240 2952 360 3026 perabo
383 2949 538 3017 mandatis
571 2953 728 3029 Principis
752 2953 865 3022 nostri,
900 2952 968 3013 Deo
1005 2953 1144 3023 iuvante,
1178 2959 1212 3012 et
1234 2969 1290 3012 ero
1314 2949 1407 3009 Deum
1435 2952 1460 3004 ut

238 3053 416 3116 Ecclesiam
439 3062 470 3116 et
492 3073 543 3116 me
566 3059 729 3133 gubernet.
775 3057 841 3118 Non
871 3057 981 3118 dubito
1018 3053 1117 3118 virum
1142 3055 1293 3132 optimum
1315 3048 1460 3114 Brentiun

242 3173 361 3220 mecum
385 3158 479 3221 etiam
504 3160 543 3219 dc
566 3160 683 3221 vestris
706 3159 862 3222 Ecclesiis
886 3159 1059 3222 locuturum
1083 3175 1165 3220 esse.

325 3296 469 3376 Pegeltes
493 3272 651 3376 inquibus
675 3304 725 3360 cst
748 3316 868 3360 summa
890 3277 1290 3364 dectrinae'tlcclesiarun
1304 3303 1460 3358 vestrarum

241 3397 366 3474 perlegi
390 3398 561 3476 diligenter
585 3408 617 3461 et
641 3403 757 3472 tradidi
781 3402 814 3462 l).
838 3403 985 3465 Andreae
1008 3403 1205 3476 exhibendas
1231 3399 1311 3460 Duci
1332 3401 1460 3476 Auguste

242 3497 401 3584 Electori.¹
425 3502 532 3566 Iussus
556 3505 758 3576 emmeram,
781 3513 816 3572 ut
840 3507 928 3583 prius
951 3505 1103 3571 iudicium
1116 3521 1220 3569 meum
1241 3504 1321 3567 Duci
1335 3505 1460 3580 Augusto

240 3603 367 3664 estendi
382 3615 384 3622 ’
398 3611 548 3678 curarem,
581 3625 672 3685 quern
702 3610 734 3669 in
757 3609 917 3670 l’russiam
939 3609 1127 3670 mitteretur.
1171 3607 1258 3668 Nune
1286 3623 1341 3668 oro
1377 3601 1460 3664 tilium

241 3705 299 3765 Dei
323 3707 481 3770 dominum
505 3717 644 3771 nostrum
668 3715 772 3774 lesum
796 3714 953 3774 Christum
975 3721 1009 3774 ut
1033 3721 1068 3772 et
1092 3717 1201 3773 servet
1222 3711 1318 3771 Cels.
1328 3711 1361 3770 V
1389 3709 1459 3767 inco

240 3809 354 3870 lumem
379 3817 411 3872 et
433 3813 497 3874 det
502 3813 649 3877 Prussiae
672 3833 783 3892 pacem
797 3815 1008 3877 Ecclesiarum
1033 3823 1065 3877 et
1089 3811 1257 3926 politicam
1303 3811 1399 3930 Datac
1418 3807 1461 3866 die

242 3909 315 3971 lulii
338 3915 387 3974 23.
410 3917 518 3978 Αιιιιο
528 3920 620 3981 tent.

565 4059 646 4118 Cels.
674 4059 709 4117 V.

837 4161 968 4222 Servus:

928 4343 931 4354 .
959 4345 962 4352 ,
1001 4349 1003 4358 ,
1030 4260 1196 4340 retrusus
1218 4261 1408 4359 meantum.
