3064 5206
235 311 303 386 llll
629 330 877 390 suarnaaarra
895 335 1073 392 currucae.

234 486 311 548 mali
334 485 495 563 quotidie,
531 493 563 548 et
586 503 667 563 quos
690 495 805 566 sponte
837 505 908 552 mea
929 491 1207 570 voluisuscipere
1229 495 1365 556 docendi
1385 496 1456 557 dies.

233 593 382 653 Attamen
418 588 517 654 malui
552 605 682 652 servare
718 593 938 656 conscientiae
973 595 1254 672 tranquillitatem,
1292 615 1380 674 quam
1412 599 1457 660 ud-

234 711 346 756 uersus
376 695 457 756 banc
478 691 602 768 aliquid
626 695 835 756 committere.
886 695 1009 774 vigilia
1039 697 1228 775 purificatae
1258 699 1390 778 virginis
1418 701 1458 762 'rn-

234 804 389 877 ceperunl
418 811 590 874 vesperas,
621 798 692 858 sine
721 797 878 874 strepitu,
908 799 973 862 nisi
1004 803 1089 877 quod
1119 803 1236 864 multus
1268 804 1404 880 populus
1425 820 1459 866 ex

235 901 424 964 curiositate
451 901 596 962 accurrit.

268 999 271 1004 ’
317 1005 380 1068 Die
402 1001 546 1081 Virginis
575 1017 666 1066 mane
698 1001 904 1068 instituerunt
935 1007 1126 1083 parochunr,
1165 1009 1221 1086 qui
1249 1010 1376 1080 docuit,
1410 1012 1459 1070 sed

234 1109 356 1188 paucis.
408 1106 446 1168 Et
470 1112 543 1182 post
566 1103 752 1168 concionem
785 1107 962 1172 babuerunt
985 1109 1124 1172 Missam.
1169 1112 1228 1174 liic
1249 1112 1369 1188 aliquis
1392 1121 1460 1174 stre-

233 1212 321 1292 pitus
335 1213 448 1273 merus
471 1216 520 1270 est
543 1223 601 1284 per
624 1208 865 1281 adolescentes,
898 1213 953 1288 qui
976 1213 1106 1276 Pindum
1130 1214 1286 1278 Gallicam
1309 1233 1328 1276 e
1350 1219 1460 1294 tempto

234 1317 399 1378 eiecerunt
422 1311 618 1390 puerilibus,
646 1317 680 1370 ut
702 1311 816 1382 audio,
848 1313 888 1374 de
912 1317 1027 1378 causis
1082 1316 1242 1381 Raditum.
1259 1326 1308 1380 est
1330 1337 1349 1380 a
1373 1322 1460 1380 choro

128 1455 132 1462 ·
233 1417 265 1481 in
289 1418 393 1479 locum
415 1414 640 1490 capitularem,
669 1413 724 1472 ubi
747 1415 944 1479 cecinerunt:
979 1419 1023 1480 Te
1046 1419 1141 1482 deum
1172 1419 1355 1490 laudamus,
1384 1428 1459 1482 metu

233 1519 356 1592 territi,
380 1533 421 1580 ne
443 1516 523 1578 illud
548 1517 579 1576 in
604 1517 700 1576 choro
725 1524 885 1578 canerent.

316 1628 343 1686 Α
372 1618 505 1700 prandio
537 1623 690 1680 consueta
719 1620 798 1681 hora
825 1619 921 1684 docui
953 1639 1012 1700 ego
1051 1625 1082 1686 in
1118 1628 1249 1702 templo.
1270 1627 1305 1687 D.
1331 1626 1459 1688 Thomna

232 1722 496 1804 frequentissima
518 1739 635 1781 corona
658 1719 868 1784 audientium.
920 1725 1005 1787 Tunc
1028 1742 1197 1790 successor
1219 1744 1309 1790 meus
1333 1727 1375 1806 (si
1396 1728 1458 1790 Diis

234 1831 351 1908 placat)
374 1828 469 1888 homo
493 1823 661 1900 impudens
685 1829 717 1882 et
740 1832 911 1897 scortator,
936 1843 1031 1902 quem
1053 1837 1167 1892 vocant
1188 1829 1226 1890 111.
1245 1832 1458 1900 meinhardum,

232 1935 287 2010 qui
310 1928 481 2008 aliquando
504 1925 566 1990 tuit
588 1933 765 1988 nostrarum
789 1929 941 2004 partium,
964 1932 1132 1996 adscendit
1154 1947 1256 1994 meum
1281 1941 1373 1996 vetus
1395 1939 1457 2011 sug·
1523 1907 1524 1946 ἶ

231 2042 354 2113 gestum
375 2031 470 2109 primi
492 2028 621 2104 templi,
646 2029 726 2105 legit
748 2029 918 2105 epistolam
934 2031 1009 2095 eius
1021 2032 1088 2096 diai
1102 2050 1145 2114 ex
1162 2035 1321 2098 Malachia
1336 2053 1401 2112 cap.
1413 2037 1456 2106 tlt,

232 2140 290 2200 sed
312 2137 406 2198 ualde
428 2133 624 2196 meticulose.
680 2133 727 2194 lbi
758 2131 874 2194 sibilus
904 2142 936 2195 et
957 2153 1094 2200 murmur
1117 2139 1219 2202 omnis
1242 2140 1372 2216 generis
1393 2139 1456 2200 ado-

231 2243 409 2304 lescentum
436 2242 617 2296 terruerunt
647 2250 762 2294 novum
793 2235 863 2294 scil.
893 2236 1074 2308 doctorem,
1111 2246 1146 2301 ιιι
1174 2247 1262 2302 recta
1296 2240 1456 2301 cinerate

231 2353 285 2408 aut
314 2341 538 2416 benedictione
568 2338 636 2396 fere
667 2338 698 2398 in
731 2337 899 2412 probamin
929 2343 1094 2404 concionis
1124 2359 1161 2404 sa
1184 2343 1455 2408 festinabunduse

232 2449 383 2512 cancellis
406 2444 438 2504 in
464 2445 567 2503 locum
593 2439 808 2517 capitularem
832 2441 1002 2519 reciperet..
1056 2445 1137 2508 Hinc
1166 2448 1316 2509 commoti
1338 2447 1455 2523 Episco·

231 2555 322 2629 pales
346 2558 378 2614 et
391 2545 545 2610 Canonici
568 2543 608 2604 ad
623 2541 777 2616 Palatium
799 2545 961 2616 festinant,
985 2547 1355 2625 Magistratuiindicurit,
1376 2546 1456 2625 quasi

230 2673 294 2716 non
317 2653 360 2713 sit
382 2653 509 2710 servula
531 2646 612 2708 fides
636 2652 668 2706 et
691 2647 780 2708 laesa
803 2645 959 2710 securitas
984 2648 1077 2710 Cleri
1123 2650 1161 2716 Ει
1179 2667 1369 2726 quamquam
1385 2651 1455 2726 opti·

131 2823 137 2843 p
231 2776 301 2821 mus
323 2761 452 2816 senatus
474 2749 606 2812 adderet
629 2749 769 2818 animos,
792 2756 842 2818 ιιι,
866 2750 894 2810 si
918 2752 1055 2822 vellent,
1086 2762 1276 2831 pergerent,
1308 2771 1345 2816 se
1368 2755 1454 2832 probe

231 2865 412 2925 curaturos,
435 2862 470 2914 ut
492 2871 512 2914 a
534 2851 661 2913 nemine
684 2852 737 2910 vel
761 2850 939 2914 riderentur
958 2857 1012 2916 vel
1036 2857 1256 2927 laederentur,
1290 2846 1395 2920 tamen
1414 2855 1455 2916 illi

231 2964 314 3024 torte
337 2961 393 3042 (nit
414 2959 451 3020 ott
471 2959 521 3033 tub
543 2973 578 3020 cn
600 2959 648 3018 bct
669 2961 749 3036 torpa
771 2957 865 3032 butan)
895 2972 935 3016 eo
963 2957 1018 3019 die
1041 2959 1277 3023 intermiserunt
1302 2971 1453 3035 vesperus,
1522 2959 1523 2988 ³

233 3073 265 3126 et
288 3065 360 3124 dum
382 3064 464 3122 haec
487 3059 611 3128 scribo,
642 3057 686 3118 nit
716 3057 855 3134 amplius
883 3058 916 3123 iu
945 3059 1048 3124 tribus
1071 3063 1198 3140 templis
1220 3064 1383 3133 decerunt,
1412 3080 1453 3122 us-

233 3183 295 3243 que
318 3165 591 3228 adPentecosten.
625 3161 805 3237 Episcopus
828 3160 1051 3238 indignissime
1073 3167 1134 3226 tert
1157 3168 1243 3236 bunc
1263 3182 1372 3228 cesum
1390 3179 1453 3224 nere

232 3287 356 3339 casum,
381 3275 413 3328 et
436 3266 611 3343 significat,
635 3279 671 3323 se
694 3263 765 3327 Mai.
790 3265 880 3326 Caes.
904 3265 1011 3334 omnia
1034 3268 1119 3328 valle
1143 3266 1295 3331 indicare.
1338 3269 1452 3333 Omnem

233 3374 359 3449 culpam
381 3365 659 3432 concionatoribus
683 3364 836 3440 imputat,
859 3375 909 3438 et,
932 3367 961 3428 si
984 3369 1080 3433 velim
1105 3386 1213 3432 verum
1234 3369 1346 3442 interi,
1367 3384 1454 3446 cogor

232 3475 265 3538 in
290 3473 476 3550 quibusdum
505 3469 692 3531 modestiam
721 3467 914 3532 desiderare.
966 3471 1003 3532 Et
1032 3473 1112 3534 satis
1138 3489 1253 3537 moneo
1284 3481 1318 3536 et
1347 3469 1454 3537 monui.

232 3577 291 3640 sed
312 3577 411 3638 fertur
434 3575 528 3650 equis
550 3571 679 3648 auriga,
702 3587 762 3633 nec
784 3571 873 3635 audit
895 3590 1005 3636 currus
1027 3577 1186 3641 habenas„
1211 3577 1281 3645 Men
1305 3573 1454 3641 sententia

233 3685 299 3750 est,
326 3683 362 3737 ιιι
383 3695 479 3738 causa
503 3675 689 3751 superiores
712 3692 839 3744 sumus,
870 3677 914 3746 ita
944 3677 1044 3738 simus
1066 3685 1103 3738 et
1123 3680 1292 3748 modestia.
1336 3683 1381 3742 Ac
1402 3695 1453 3740 mo·
1521 3713 1522 3724 κ

232 3798 328 3858 gnum
357 3787 423 3850 est,
459 3793 555 3856 agere
585 3777 753 3854 pacificum
779 3785 811 3836 et
835 3779 1021 3853 prudentem
1043 3780 1359 3854 ecclesiastcam,
1391 3797 1453 3842 esse

232 3885 359 3946 fidelem
390 3888 422 3942 et
455 3882 641 3958 prudentem
670 3881 929 3956 dispensatorem
967 3883 1190 3960 mysteriorum
1217 3886 1287 3948 Dei.
1333 3885 1455 3950 Senatus

233 3989 264 4048 in
289 4003 328 4047 eo
350 3993 436 4046 totns
460 3991 527 4056 est,
551 3991 585 4045 ut
607 3985 659 4044 vel
682 3985 805 4058 aliquot
828 3987 948 4062 templa
966 3996 1154 4059 conservet,
1175 3990 1207 4048 in
1223 3987 1340 4063 quibus
1361 3989 1453 4052 lumen

232 4096 367 4166 ponatur
397 4102 495 4162 super
524 4086 762 4158 candelabrum,
798 4087 841 4146 sit
871 4088 925 4148 lun
954 4088 1118 4151 doctrinae
1148 4099 1181 4150 et
1210 4091 1335 4153 laetitia
1363 4105 1452 4155 sacra-

231 4198 417 4253 mentorum.
453 4189 541 4260 Quod
566 4186 596 4248 si
619 4190 750 4250 Carolus
774 4189 941 4252 calumniis
964 4191 1218 4254 adversariorum
1239 4192 1360 4264 credat,
1381 4190 1452 4269 peri-

233 4293 336 4356 culum
368 4307 445 4354 sane
476 4291 636 4362 imminet,
674 4309 713 4352 ne
744 4293 889 4356 omnibus
919 4293 1012 4357 nobis
1043 4279 1224 4359 inhibeatur
1254 4295 1450 4364 ministerium

232 4395 386 4465 docendi,
409 4395 492 4456 unde
515 4394 550 4456 in
572 4395 642 4456 dies
664 4399 747 4456 male
771 4395 919 4461 habitura
942 4405 991 4457 est
1005 4397 1450 4476 Ecclesia,·etpeiusschola

232 4498 335 4560 lindie
366 4500 397 4560 in
428 4500 547 4576 templo
578 4499 832 4574 praedicatorum
866 4501 1082 4578 amplissimo,
1118 4500 1173 4566 nbi
1202 4509 1235 4562 et
1267 4502 1375 4567 sclrola
1400 4505 1449 4566 est,
1520 4511 1521 4588 3

232 4601 337 4666 docui.
388 4602 560 4666 Sustinebo
583 4601 768 4672 Dominum,
800 4602 876 4678 quid
901 4604 941 4665 de
964 4619 1014 4669 me
1039 4606 1117 4666 velit
1138 4603 1228 4674 fieri,
1256 4612 1289 4668 ot
1318 4601 1449 4681 quamdiu
1520 4593 1521 4620 ³
