3120 5206
235 325 279 398 58
440 373 449 397 1
627 317 873 406 surrnnunnrs
896 347 978 398 aum
1001 350 1074 402 isso.

235 500 434 578 principibus
459 506 490 561 et
512 502 641 580 populis
665 501 795 578 Imperii
817 503 952 579 gratiam
975 505 1027 566 his
1050 506 1244 582 periculosis
1263 507 1471 582 temporibus,

235 603 282 662 sic
310 603 464 664 tractandi
495 602 601 666 omnia
628 604 856 666 Ecclesiastica
886 613 918 666 et
948 607 1058 668 civilia
1090 609 1220 685 negotia
1251 609 1283 670 in
1312 611 1377 670 hoc
1401 627 1469 670 con-

210 710 346 778 uentu,
382 711 417 767 ut
447 707 552 784 gloria
584 707 639 768 dei
672 707 901 784 amplificetur,
939 715 972 770 et
1001 727 1063 786 pax
1094 718 1127 772 et
1156 710 1326 772 corrccrdia
1351 713 1472 772 consti-

234 813 347 872 matur.

318 927 471 987 Fideliter
503 926 598 988 etiam
621 928 736 989 docent
768 931 921 1005 populum
953 935 1062 990 contra
1092 945 1218 990 errores
1241 938 1274 991 et
1298 933 1399 1009 impia
1422 934 1472 992 do-

235 1033 339 1106 gmata
367 1030 399 1089 in
430 1031 490 1090 hec
511 1031 590 1089 urbe
613 1030 653 1090 de
676 1031 882 1092 sacramentis
909 1047 1028 1106 sparsa.
1083 1031 1186 1102 Quare
1209 1049 1306 1110 grave
1331 1041 1424 1094 esset·
1443 1039 1473 1093 et

236 1131 437 1202 damnosum,
460 1133 633 1209 probibere
658 1134 847 1202 conciones,
872 1149 941 1193 cum
966 1133 1091 1209 aliquos
1114 1135 1155 1194 de
1176 1137 1296 1212 populo
1320 1143 1473 1213 appareat

235 1232 421 1308 diligentius
445 1233 608 1294 institutos
630 1233 663 1294 in
686 1234 738 1294 his
764 1235 970 1296 concionibus
995 1235 1034 1295 ad
1057 1235 1226 1298 sanitatem
1249 1238 1364 1297 redire.
1411 1239 1473 1296 blec

235 1335 310 1410 plus
336 1334 584 1408 disputationum
614 1351 653 1397 ex
684 1337 736 1396 iris
766 1336 974 1397 concionibus
1012 1338 1089 1397 oriri
1128 1345 1251 1414 potest,
1288 1339 1366 1414 quia
1395 1338 1473 1398 nihil

234 1435 311 1496 noent
341 1437 402 1496 huo
430 1436 568 1498 affertur.
623 1438 733 1500 Multis
764 1440 826 1500 iam
856 1439 947 1500 anuis
977 1439 1059 1499 haec
1088 1439 1233 1500 doctrina
1263 1441 1315 1500 hic
1339 1448 1372 1501 et
1396 1439 1473 1500 alias

236 1539 355 1617 agitata
378 1545 435 1598 est,

319 1675 357 1735 Et
380 1673 511 1736 difficile
535 1681 623 1734 esset
648 1667 722 1736 ideo
747 1673 920 1752 prohibere
935 1678 1136 1737 manifestum
1151 1677 1378 1754 Evangelium,
1403 1679 1474 1753 qnia

235 1777 336 1854 aliqui
360 1775 477 1837 offendi
502 1777 684 1848 videantur,
721 1797 797 1852 curn
822 1779 870 1838 illi
900 1779 971 1838 sinc
994 1780 1088 1854 culpa
1110 1779 1289 1840 docentium
1314 1779 1473 1841 offendun-

237 1888 302 1950 tur,
334 1882 366 1939 et
388 1881 575 1956 plerumque
598 1879 680 1938 tales
704 1895 744 1939 ne
768 1881 899 1941 audiunt
923 1881 1059 1955 quidem.
1115 1881 1273 1942 Hactenus
1298 1883 1330 1942 in
1355 1881 1473 1941 duobus

236 1983 443 2043 conventibus
473 1979 676 2057 Spirensibus
713 1981 888 2042 docuerunt
919 1983 1047 2058 publice
1086 1985 1186 2046 nostri
1218 1985 1473 2044 concionatores:

237 2083 321 2146 Nihil
347 2091 448 2144 ortum
472 2090 522 2142 est
544 2083 636 2154 mali,
667 2085 772 2144 nullus
798 2086 948 2145 tumultus
979 2087 1136 2146 excitatus
1166 2091 1232 2156 θεῖ,
1262 2103 1356 2146 nemo
1389 2087 1473 2145 visus

238 2193 302 2256 est,
326 2187 380 2262 qui
403 2184 504 2245 factus
528 2191 615 2245 esset
638 2185 788 2247 deterior.
834 2186 1012 2272 Nullavox
1036 2188 1221 2264 cuiusquam
1241 2186 1473 2248 concionatoris

235 2287 346 2349 ¹audita
375 2295 438 2358 est,
470 2288 520 2348 vel
544 2289 716 2360 seditiosa,
748 2291 799 2350 vel
831 2289 1079 2359 contumeliosa,
1110 2291 1162 2348 vel
1194 2289 1313 2350 docens
1342 2288 1473 2364 aliquid,

239 2391 323 2468 qiicd
346 2410 408 2452 non
432 2397 519 2450 esset
542 2389 741 2452 catholicum.
933 2379 937 2386 ⁴

321 2530 359 2592 Et
382 2530 471 2591 Caes,
491 2528 530 2588 M.
553 2531 726 2592 clementer
746 2529 826 2588 uelit
850 2528 1072 2596 considerare,
1098 2533 1214 2602 quanto
1238 2527 1310 2600 plns
1334 2521 1473 2588 scandali

237 2635 370 2698 allatura
398 2649 450 2692 res
481 2638 584 2702 esset,
616 2634 645 2696 si
674 2632 846 2694 conciones
877 2631 1133 2706 prohiberentur.
1192 2629 1362 2706 Postquam
1394 2627 1475 2686 enin

237 2736 382 2796 Edictum
403 2733 444 2797 de
466 2735 528 2794 boc
551 2741 708 2797 conventu
731 2735 785 2810 pie
810 2739 842 2799 et
866 2733 949 2795 baud
971 2732 1069 2793 dubie
1091 2731 1229 2794 maxumo
1248 2730 1386 2793 consilio
1403 2728 1473 2794 scri-

237 2845 324 2914 ptum
347 2837 468 2910 ubique.
488 2837 520 2898 in
543 2843 642 2896 totum
664 2836 813 2899 mundum
837 2837 1017 2912 evulgatum
1041 2840 1100 2911 est,
1114 2833 1210 2910 ¹(ruod
1225 2833 1475 2906 uniusouiusque

239 2939 350 3017 opinio
374 2947 406 3000 et
429 2939 664 3002 sententiahic
688 2939 790 3000 audiri
822 2944 855 2998 et
878 2937 1116 3006 controuersiae
1148 2935 1298 3012 componi
1320 2941 1351 2994 et
1375 2930 1474 3007 redigi

239 3047 279 3108 ad
301 3060 401 3126 unani
417 3041 620 3112 christianam
646 3042 812 3102 veritatem
836 3041 988 3102 debeant:
1012 3041 1040 3100 si
1063 3043 1169 3101 autem
1190 3054 1272 3099 nuno
1287 3037 1473 3114 prohibean-

238 3157 288 3213 tur
311 3145 499 3220 ccnciones,
523 3145 689 3208 multorum
714 3144 933 3208 conscientiae
958 3143 1237 3220 perturbabuntur,
1273 3144 1305 3202 et
1328 3140 1375 3201 ita
1398 3135 1473 3198 acci-

240 3251 346 3328 pictur
368 3264 438 3317 res,
460 3246 553 3323 quasi
577 3248 609 3311 C.
630 3246 668 3306 bl.
694 3247 772 3307 uelit
794 3249 876 3308 banc
900 3246 1204 3320 doctrinamueque
1229 3241 1400 3317 cognitam,
1424 3253 1473 3301 ne-

240 3369 302 3430 que
325 3351 495 3415 iudicatam
519 3350 710 3426 opprimere.
747 3349 820 3412 Non,
837 3349 1015 3410 dubitamus
1040 3352 1161 3415 autern,
1189 3345 1264 3420 auin
1289 3345 1319 3404 C.
1335 3342 1372 3408 M.
1398 3339 1474 3402 nolit

238 3457 320 3516 hano
350 3453 568 3528 suspicionem
590 3452 630 3511 de
653 3451 690 3512 bl.
715 3451 744 3514 S.
768 3451 896 3528 spargi,
928 3449 1014 3526 quod
1043 3449 1153 3510 barum
1175 3448 1337 3519 literarum
1361 3441 1473 3508 autori-

241 3563 338 3621 tatem
361 3555 393 3621 in
417 3555 548 3618 dubium
568 3559 707 3620 revocet.

323 3677 361 3738 Et
384 3677 510 3745 sinos,
542 3680 728 3750 pronastro
753 3674 861 3734 allicio
884 3673 1019 3742 attide,
1054 3687 1117 3746 qua
1149 3669 1416 3746 obligatissimae
1438 3661 1475 3723 ad

240 3783 393 3842 bonorem
419 3779 449 3837 G.
474 3776 513 3836 bl.
538 3777 809 3858 amplificandum,
841 3783 871 3836 et
902 3775 1011 3835 omnia
1036 3776 1120 3833 bona
1142 3768 1375 3847 promovenda,
1407 3783 1473 3826 con-

242 3883 347 3942 sulere
366 3879 552 3951 deberemus
570 3875 936 3945 Caesareaebllaiestati,
959 3893 1021 3938 nou
1045 3889 1212 3952 possemus
1228 3873 1266 3934 M.
1291 3887 1368 3935 suae
1391 3865 1474 3932 aliud

242 3983 427 4050 consulere,
458 3995 550 4054 quiam
579 3995 619 4040 ne
650 3986 812 4056 pateretur
840 3978 955 4044 muntani
986 3977 1043 4039 illa
1066 3974 1239 4051 promissa,
1271 3988 1355 4047 quae
1379 3967 1473 4032 conti-

242 4092 354 4146 nentur
383 4083 415 4142 in
439 4080 559 4150 literis,
589 4080 703 4156 quibus
734 4080 884 4141 indicitur
914 4085 1105 4146 conuentus,
1137 4076 1194 4135 sed
1221 4080 1256 4134 ut
1287 4075 1379 4134 iuxta
1405 4071 1472 4132 illas

242 4189 352 4247 literas
374 4183 562 4244 adhibeatur
584 4184 769 4260 diligentia,
794 4189 846 4252 ut,
871 4181 1100 4242 controversiis
1125 4176 1273 4237 indicatis
1297 4183 1328 4234 et
1352 4183 1470 4248 compo-

244 4289 333 4359 sitis,
363 4287 546 4364 redigantur
573 4287 739 4348 Ecclesiae
769 4287 801 4346 in
833 4285 1033 4346 concordiam
1063 4281 1276 4342 christianam.
1328 4276 1421 4348 'Quod
1442 4277 1472 4331 ut
1510 4309 1512 4316 ,

243 4371 511 4454 nos‘reveremer
534 4390 773 4450 admoneremus
790 4389 821 4449 C.
838 4387 876 4448 m.
901 4391 984 4449 bono
1010 4392 1041 4445 ct
1065 4383 1204 4460 simplici
1224 4382 1346 4451 animo,
1371 4374 1471 4443 clficio

244 4500 352 4560 nostro
377 4491 504 4554 adducti
529 4509 653 4562 snmus,
675 4498 710 4552 et
732 4492 933 4554 considerata
952 4486 1135 4549 conditione
1151 4487 1262 4546 horum
1278 4482 1472 4558 negotiorum

246 4605 277 4657 et
300 4605 473 4669 temporum
504 4594 697 4663 iudicamus,
728 4595 755 4652 si
786 4593 857 4668 quis
887 4607 980 4652 secus
1011 4589 1148 4649 consulit
1172 4587 1203 4645 G.
1227 4584 1283 4653 m,
1318 4584 1349 4643 id
1375 4591 1472 4654 neque
