3064 5206
228 315 300 401 illd
623 329 869 400 corruentium
887 332 970 390 ltlthl
990 334 1066 391 reno.

649 485 722 550 Ad.
740 487 1038 557 Melanchlaenae.

310 595 342 677 S·
366 594 402 654 Ι).
441 592 542 654 Hodie
572 592 707 667 prirnnm
736 591 863 670 accipio
895 599 966 654 tuas
996 594 1125 664 literas,
1154 595 1299 658 Domine.
1349 596 1448 672 ltaque

228 694 320 758 dabis
342 695 422 756 mihi
447 696 589 766 veniam,
622 712 693 754 nam
723 702 867 772 tempore
899 696 1062 758 excludor.
1112 696 1239 759 Deinde
1261 700 1449 768 cimeteria,

227 817 289 861 non
312 798 459 873 quidem,
486 797 572 874 qnod
594 797 712 860 nnllam
734 798 817 858 hanc
840 799 1012 863 Christiani
1036 801 1191 870 habeant,
1222 800 1279 875 qut
1302 819 1451 878 nunquam

227 901 409 963 uberiorem
431 901 617 972 habuerunt,
641 899 700 958 sed
723 900 807 974 quod
829 905 931 974 tutum
955 902 1082 970 romeli
1105 900 1230 978 aliquid
1251 904 1331 966 serii
1353 902 1449 966 literis

228 1004 428 1064 concredere.
479 1001 580 1078 Spero
610 1009 713 1061 tamen
743 1008 830 1062 tuam
857 1002 1015 1064 Pietatem
1047 1021 1135 1065 ineas
1165 1011 1199 1064 et
1229 1012 1400 1081 postremas
1422 1014 1452 1067 et

228 1108 420 1184 penultimas
451 1123 533 1166 nunc
562 1104 738 1180 accepisse.
790 1105 867 1169 Nam
897 1107 953 1181 qui
982 1107 1110 1174 adferre
1130 1108 1284 1179 debebat,
1314 1109 1383 1186 pius
1405 1117 1451 1170 est

228 1216 261 1270 et
283 1213 382 1271 bonos
412 1210 610 1270 adolescens.
661 1207 817 1269 Existimo
845 1215 878 1269 tc
907 1225 1035 1284 quoqne
1057 1211 1181 1272 Literas
1203 1211 1332 1272 Domini
1354 1211 1452 1272 Lascii

228 1315 410 1390 accepisse,
442 1331 520 1388 quas
550 1312 604 1372 hic
632 1311 672 1371 ad
694 1317 785 1371 tuam
815 1300 970 1373 Pietatem
1001 1304 1138 1389 scripsit.
1193 1313 1279 1375 Nunc
1302 1315 1396 1375 solvit
1422 1315 1451 1375 in

228 1418 384 1493 Angliam.
429 1415 507 1478 Nam
529 1420 663 1475 vocabis
693 1419 745 1472 est
765 1431 784 1474 a
807 1415 894 1491 Rege
917 1421 950 1474 et
973 1414 1213 1486 cantuariensi,
1243 1417 1299 1491 qni
1323 1423 1354 1476 et
1375 1422 1451 1477 tnarn

224 1517 459 1590 humanitatem
483 1517 623 1578 libenter
645 1517 714 1576 illic
737 1513 891 1577 viderent.
948 1517 1015 1578 Hoc
1045 1521 1106 1594 ego
1132 1520 1387 1580 et'ornniattnac
1410 1537 1452 1579 sa-

227 1624 371 1700 pientiae
393 1623 551 1699 permitto.
596 1617 696 1697 Spero
719 1620 821 1681 Deum
844 1627 1007 1681 aeternum
1031 1619 1173 1692 Patrem,
1198 1621 1453 1702 propterliledia-

228 1734 329 1787 torem
356 1724 526 1786 Dominum
561 1739 802 1793 concessurum,
839 1730 873 1782 nt
909 1732 963 1785 aut
1001 1723 1083 1784 nihii
1116 1742 1253 1798 unquam
1282 1723 1373 1794 istic,
1407 1730 1453 1783 eut

229 1829 333 1889 ornnia
356 1827 388 1888 ln
410 1825 527 1888 mellus
549 1832 725 1894 mutentur,
750 1824 779 1884 si
803 1842 865 1900 qua
881 1832 985 1886 tarnen
1005 1825 1184 1888 mutatione
1200 1827 1274 1888 istic
1291 1843 1372 1904 opus
1393 1827 1453 1886 erit.

228 1931 317 2002 Quod
346 1947 437 1992 rneae
461 1928 553 1989 ildei³
568 1929 672 1988 adhuc
703 1927 877 1988 concredas
913 1927 1042 1989 intimos
1065 1917 1213 1990 recessus
1237 1931 1381 2006 pectoris
1403 1932 1454 1999 tui,

229 2035 261 2098 id
285 2035 372 2096 nollo
396 2040 449 2092 tuo
474 2016 620 2108 periculo
645 2028 764 2100 iacies,
787 2030 939 2104 Domine,
970 2049 1041 2092 narn
1062 2038 1097 2092 nt
1125 2033 1200 2092 aliis
1224 2033 1371 2094 omnibus
1395 2034 1453 2094 cifi-

228 2141 288 2205 ciis
311 2138 464 2218 (libenter
487 2134 566 2194 cedo
591 2133 725 2208 reliquis
748 2134 863 2193 amicis
884 2131 981 2215 inis),
1016 2135 1061 2194 ita
1092 2135 1255 2196 voluntate
1286 2141 1318 2198 et
1342 2133 1453 2204 studio,

228 2243 291 2304 fide
313 2247 350 2302 et
366 2253 477 2301 amore
508 2236 629 2298 nemini
659 2250 797 2310 unquam
826 2237 944 2297 cedam:
996 2236 1055 2298 llic
1085 2237 1183 2300 ctiam
1204 2239 1340 2300 mutatio
1364 2239 1454 2307 nullo,

228 2345 372 2422 pericula
393 2357 523 2418 magna,
555 2336 733 2400 constantia
756 2337 911 2409 maxima,
943 2355 1037 2416 anam
1061 2359 1117 2402 oro
1139 2327 1263 2412 Deum,
1292 2350 1326 2402 nt
1348 2358 1455 2420 perpe·

227 2458 313 2510 tuam
329 2462 409 2508 ‘esse
433 2443 597 2513 velit,·ita
619 2449 724 2502 tamen
748 2449 975 2519 temperatam,
998 2451 1032 2505 nt
1056 2463 1116 2505 non
1141 2446 1174 2505 in
1197 2443 1406 2506 securitatem
1426 2451 1454 2503 et

228 2551 407 2617 socordiam
431 2554 534 2608 exeat.
580 2547 677 2604 idne
700 2545 772 2614 fiat,
806 2551 881 2605 tuae
911 2547 1113 2622 aliorumque
1142 2547 1217 2624 piac
1241 2563 1355 2625 preces
1379 2547 1455 2625 epod

227 2658 330 2716 Deum
345 2653 540 2716 obtinebunt.
576 2649 670 2708 Certe
693 2649 847 2708 hactenns
870 2647 924 2708 hic
947 2655 995 2710 ast
1018 2652 1106 2727 pium
1128 2650 1307 2727 hospitium
1322 2651 1454 2711 omnium

227 2759 431 2824 miserorum,
460 2769 595 2828 ¹aprorum
618 2767 701 2810 nnnc
722 2767 785 2811 non
810 2758 874 2812 tam
898 2753 993 2829 eopia
1015 2771 1145 2830 magna,
1175 2771 1271 2828 quarn
1303 2753 1394 2814 turba
1416 2753 1454 2812 in-

228 2877 316 2937 gens*
335 2857 478 2933 qnotidie
510 2856 550 2915 ad
578 2871 636 2913 nos
669 2851 815 2912 accurrit.
874 2853 977 2915 Video
1009 2857 1070 2916 hoc
1106 2851 1297 2932 portendere
1338 2853 1454 2930 aliquid

229 2965 324 3031 certi,
349 2961 433 3036 qnod
456 2959 596 3018 scribere
623 2975 684 3017 nori
708 2957 820 3017 audeo.
856 2954 1007 3017 Homines
1031 2977 1093 3018 non
1114 2961 1266 3029 deerunt,
1290 2962 1351 3019 noir
1377 2957 1455 3018 desit

227 3067 321 3126 modo
345 3065 458 3142 piatas.
510 3060 636 3120 Utinam
659 3059 774 3119 liceret
799 3060 971 3136 impetrare
996 3079 1014 3119 n
1036 3063 1172 3121 Dornino
1197 3063 1310 3122 harnm
1333 3058 1454 3122 calami-

228 3175 327 3230 tatum
348 3167 463 3234 finem,
499 3165 614 3222 saltem
636 3177 760 3232 earnrn,
785 3177 868 3237 quoe
885 3161 975 3222 'inter
998 3164 1112 3224 iratres
1138 3177 1219 3224 nnnc
1243 3169 1316 3223 sunt
1340 3167 1454 3224 contro-

229 3272 412 3332 uersiarum.
461 3265 537 3324 Non·
552 3281 633 3340 opus
658 3265 817 3326 habente
839 3281 988 3335 monere,
1012 3265 1173 3336 Domine,¹
1187 3269 1240 3336 ui,
1264 3267 1293 3327 si
1318 3267 1395 3344 qnid
1414 3267 1453 3326 sis

228 3350 452 3450 responsurus,
478 3370 540 3429 tale
563 3368 595 3428 id
619 3367 747 3426 omnino
770 3365 823 3437 sit,
849 3367 943 3442 quale
967 3385 1093 3446 semper
1113 3383 1156 3430 ex
1174 3375 1235 3430 'tua
1258 3367 1453 3432 sanctissima

229 3477 357 3538 cilicina
379 3472 515 3551 prodiit,
547 3471 641 3546 quale
665 3478 740 3530 ate
762 3472 906 3546 postulat
926 3471 1030 3532 tristis
1053 3470 1199 3536 Ecclesia
1222 3473 1349 3533 Christi.
1396 3468 1452 3532 Sed

227 3579 357 3648 desino,
371 3575 423 3639 ini
445 3573 569 3643 anime,
593 3573 758 3642 ini-Pater,
782 3575 987 3649 gubernet-te
1009 3581 1041 3634 at
1054 3573 1161 3634 omnia
1174 3579 1235 3635 'tua
1251 3575 1339 3635 Dens
1359 3580 1454 3634 aeter-

227 3681 480 3756 nusl‘aterper
503 3679 607 3738 lesum
631 3674 798 3736 Christum.
891 3685 908 3715 ‘¹
946 3713 950 3720 -
1072 3681 1076 3690 ‘

238 3820 241 3842 r
312 3781 392 3844 Sunt
411 3782 480 3841 dno·
498 3777 788 3838 uirifconterrenei
810 3780 891 3856 'naga
916 3778 1044 3839 hienrici
1060 3779 1178 3851 nostri,
1197 3769 1238 3849 ii,
1263 3797 1314 3840 me
1335 3786 1453 3843 autore,

228 3884 311 3946 istuc
333 3883 480 3952 veniunt,
511 3889 545 3942 ut
567 3864 692 3942 discant
715 3889 746 3942 et
767 3881 919 3943 meliores
951 3884 1035 3945 fient.
1091 3882 1151 3943 Vix
1178 3875 1380 3960 elapsi'snnt
1402 3895 1454 3958 per

226 3985 361 4064 gratiam
382 3985 445 4046 Dei
469 4001 509 4045 ex
531 3985 677 4045 manibus
707 3985 971 4046 adversariorum.
1017 3986 1051 4046 Si
1083 3984 1159 4059 qnid
1191 3993 1304 4065 potes,
1334 3983 1378 4047 mi
1398 3984 1454 4044 Do·

226 4088 330 4162 mine,
350 4087 434 4147 'iuva
458 4088 550 4155 illos,
581 4093 616 4146 ut
644 4085 756 4146 vivere
787 4094 819 4146 et
849 4075 978 4147 discere
1002 4073 1143 4165 possint,
1173 4085 1233 4147 sed
1262 4069 1346 4148 nunc
1373 4077 1453 4146 docti

227 4206 355 4266 quoque
378 4196 467 4263 snut,
497 4189 556 4255 scd
576 4195 711 4272 putent,
737 4189 995 4267 prodessent,
1017 4191 1227 4264 nondebare
1244 4195 1306 4255 ider
1319 4189 1450 4250 miniato·

226 4292 307 4352 rium
337 4291 367 4351 in
398 4293 545 4358 Ecclesia
574 4293 757 4366 suscipere,
798 4291 861 4377 nisi
898 4293 987 4370 prius
1008 4299 1109 4362 ¹tunm
1139 4301 1172 4354 et
1202 4293 1338 4368 oliorum
1367 4291 1452 4354 Prae·

226 4402 391 4472 ceptorum
414 4397 571 4464 celcninm
593 4397 779 4474 adiunctum
795 4397 945 4464 ,lrabeant
977 4396 1054 4460 Sum
1075 4413 1177 4473 saepe
1200 4397 1372 4464 coelestus,
1396 4395 1450 4454 Do·

225 4495 326 4566 mine,
349 4498 407 4557 sed
429 4497 508 4573 qnid
529 4496 671 4558 faciam?
725 4479 846 4574 Urgcor
869 4505 900 4558 et
924 4501 1005 4558 bene
1028 4499 1207 4560 consultum
1237 4498 1333 4576 cupio
1358 4496 1447 4558 bonis

227 4599 423 4670 hominibus,
458 4598 534 4674 quin
559 4608 592 4660 et
615 4608 742 4661 vestrae
765 4601 933 4662 Ecclesiae
961 4621 999 4663 ec
1022 4603 1154 4670 scholae
1178 4604 1281 4680 cupio¹
1301 4585 1448 4678 integrum
