3072 5208
214 331 282 412 242
600 348 855 412 ,murmura
873 349 958 402 anni
976 351 1052 403 roeo.

215 503 368 580 religioni
394 504 597 566 Christianae
621 504 774 564 lithnicos
805 506 928 565 furores
959 505 1097 566 misceri.
1151 507 1204 568 Sic
1235 508 1318 566 enim
1349 506 1441 581 inquit

215 609 350 684 primum
382 609 576 667 mandatum:
614 610 679 667 Non
713 610 847 668 habebis
885 609 964 669 deos
1000 611 1135 670 alienos.
1168 617 1198 670 et
1212 611 1235 696 ¹)
1266 611 1442 670 secundum:

213 711 280 770 Non
306 727 449 772 assumes
474 726 587 769 nomen
611 710 672 770 Dei
685 707 709 794 ²)
734 711 780 769 tui
805 728 894 770 vane.
937 711 974 772 Et
998 720 1090 790 pater
1113 709 1262 774 aeternus
1286 711 1389 788 inquit
1408 713 1441 769 de

212 815 295 875 filio:
319 813 408 875 llunc
431 813 548 876 audite.
583 813 619 872 Et
642 812 756 876 Paulus
781 811 841 874 ait:
866 813 990 890 Siquis
1014 817 1100 877 aliud
1116 815 1329 892 Evangelinnr
1346 816 1441 882 docet,

207 902 382 992 'anathema
404 919 455 979 sit.
493 901 595 984 hem,
618 917 731 992 Fugite
755 915 849 978 idola.
940 965 944 972 .

298 1021 383 1080 llaec
406 1019 538 1079 lulrnina
561 1019 717 1078 coelestia
741 1017 807 1100 α’)
840 1022 1015 1096 coegerunt
1045 1039 1102 1082 nos
1133 1021 1284 1082 assentiri
1308 1021 1442 1097 prolatae

212 1139 308 1184 verae
332 1122 511 1190 doctrinae,
542 1128 573 1178 ot
597 1121 699 1180 adhuc
723 1129 838 1196 cogunt
863 1139 937 1192 uos,
969 1139 1007 1183 ne
1039 1141 1110 1184 eam
1139 1125 1338 1184 abiiciamus.
1383 1124 1440 1182 Non

215 1243 311 1304 opes,
341 1244 403 1285 non
430 1225 628 1298 voluptates,
660 1241 721 1283 non
746 1223 898 1300 imperia,
922 1225 1062 1301 denique
1087 1229 1192 1290 nullae
1216 1245 1268 1288 res
1293 1229 1441 1288 humanae

213 1337 342 1400 ruovent
366 1328 488 1390 animos
511 1335 654 1398 uostroS,
677 1337 711 1388 at
735 1346 803 1387 curn
828 1331 959 1412 summis
983 1329 1138 1406 periculis
1163 1337 1194 1390 et
1219 1332 1379 1392 laboribus
1400 1337 1440 1389 tot

214 1435 276 1496 iam
304 1452 403 1494 annos
433 1433 471 1490 ab
501 1430 575 1489 aliis
605 1431 847 1500 dissentiamus,
879 1450 1012 1506 quornm
1042 1434 1299 1494 benevolentiam
1324 1442 1356 1493 et
1379 1451 1442 1494 con-

214 1539 409 1598 iunctionem
433 1534 517 1594 omni
538 1531 645 1592 oificio
671 1534 702 1592 in
727 1532 801 1594 aliis
826 1537 918 1610 rebus
942 1521 1025 1596 lucii
1050 1538 1204 1610 cupimus.
1246 1534 1308 1595 Sed
1334 1535 1442 1594 doctri·

212 1661 283 1702 narn
306 1641 478 1700 coelestem
504 1636 662 1695 arrlelerre
682 1655 740 1695 nos
765 1654 901 1706 necesse
924 1647 990 1709 est,
1014 1647 1049 1698 ut
1073 1642 1283 1716 praecipitur:
1319 1640 1443 1716 Oportet

212 1748 280 1805 Deo
309 1741 411 1818 magis
442 1737 574 1800 obedire
605 1756 697 1812 quam
721 1741 914 1802 hominibus.
968 1743 1031 1801 Nec
1056 1744 1255 1820 ignoramus,
1286 1745 1324 1804 ab
1349 1739 1442 1802 homi-

214 1851 307 1908 nibus
337 1843 479 1924 profanis
510 1845 590 1901 hunc
619 1841 705 1918 piam
736 1845 929 1905 voluntatem
968 1854 1107 1906 nostram
1137 1845 1275 1906 terribili
1306 1847 1443 1906 oratione

213 1950 397 2027 vituperari.

297 2053 443 2119 Primum,
467 2049 556 2107 rrurlti
581 2054 652 2106 sunt
675 2048 774 2118 athei,
803 2047 868 2123 qui,
901 2069 971 2110 cum
994 2031 1103 2112 omnes
1127 2050 1305 2128 religiones
1330 2049 1443 2122 pariter

214 2154 446 2217 commentitias
477 2157 508 2210 et
536 2151 697 2210 fabulosos
734 2167 808 2210 esse
842 2153 1048 2222 arbitrentur,
1086 2153 1308 2214 inllectendam
1341 2171 1409 2215 esse
1421 2152 1443 2236 ⁴)

212 2257 379 2320 Ecclesiae
409 2253 583 2314 doctrinam
615 2253 654 2312 ad
683 2260 844 2329 tempora,
881 2262 913 2313 et
944 2257 984 2315 ad
1015 2265 1177 2333 potentum
1211 2273 1324 2316 sensus
1355 2265 1442 2331 atque

213 2361 383 2438 opiniones
408 2358 532 2424 dicunt,
556 2373 592 2415 ac
615 2355 751 2415 fremunt
774 2353 922 2416 inanibus
948 2359 1072 2428 verbis,
1097 2367 1131 2418 ut
1148 2359 1212 2436 ipsi
1229 2359 1349 2428 dicunt,
1373 2359 1441 2417 mul-

212 2475 312 2526 tarum
336 2464 476 2540 gentium
501 2458 763 2532 tranquillitatem
789 2466 819 2517 et
843 2459 979 2536 imperia
1000 2463 1135 2532 turbari,
1161 2465 1335 2536 voluntque
1350 2459 1440 2521 onini-

212 2573 270 2629 bus
295 2567 504 2643 religionibus
530 2563 731 2622 concordiam
756 2565 952 2642 antele1·ri⁵).

298 2671 482 2743 Quanquam
507 2673 610 2725 autern
638 2665 729 2724 valde
760 2667 905 2727 dolemus
937 2670 1032 2728 tantis
1064 2668 1268 2730 contumeliis
1292 2671 1390 2730 Deum
1414 2673 1441 2724 el

211 2774 312 2834 filiurn
342 2773 412 2831 eius
435 2771 602 2830 Dominum
633 2775 773 2826 nostrum
803 2769 907 2829 lesum
937 2771 1095 2831 Christum
1127 2781 1157 2832 et
1181 2769 1355 2831 Ecclesiam
1384 2770 1438 2830 Dei

212 2876 315 2946 allici,
347 2885 380 2935 ut
411 2871 526 2949 religio
557 2871 680 2930 dicatur
710 2872 854 2932 fabulosa
884 2890 974 2946 esse,
1006 2883 1037 2934 et
1067 2875 1290 2952 postponenda
1321 2875 1384 2934 otio
1414 2878 1441 2929 et

216 2978 438 3054 tranquillitati
463 2977 684 3053 imperiorum:
718 2983 820 3035 tamen
846 2996 927 3037 nnnc
951 2979 1091 3038 breviter
1115 2957 1360 3058 respondemus,
1389 2993 1441 3034 nos

214 3086 384 3146 abhorrere
409 3085 446 3141 ab
470 3079 536 3139 illis
561 3077 768 3154 opinionibus
792 3079 975 3156 EpicureiS,
1008 3098 1128 3156 easque
1158 3079 1312 3142 execrari.
1356 3079 1440 3139 Dele-

213 3183 374 3262 ctentur⁶)
399 3186 454 3243 illa
477 3183 637 3256 sapientia
661 3189 804 3241 oratores
828 3183 1099 3254 adversariorum,
1130 3186 1184 3260 qui
1215 3201 1285 3270 earn
1316 3199 1355 3242 ex
1377 3197 1439 3238 ran-

214 3290 295 3350 cidis
314 3289 542 3366 Epicureorum
568 3285 688 3344 libellis
713 3293 896 3361 excerptam
919 3288 1039 3372 passim
1064 3306 1145 3348 nunc
1168 3286 1318 3361 edunl⁷),
1342 3291 1371 3344 et
1385 3285 1439 3341 hoc

214 3395 299 3454 velut
323 3393 466 3453 Sirenum
498 3396 588 3449 cantu
620 3389 787 3448 inultorum
817 3407 910 3449 aures
935 3390 1108 3459 deliniunt,
1140 3397 1171 3449 et
1194 3396 1317 3449 mentes
1341 3402 1438 3446 eornrn

212 3499 321 3556 aDeo
353 3502 507 3555 avertunt.

297 3598 360 3657 Nos
396 3598 586 3658 alfinnamus
621 3593 794 3657 doctrinam
830 3595 870 3652 de
900 3595 969 3654 Deo
1007 3595 1254 3676 commendatam
1284 3587 1437 3656 Ecclesiae

212 3697 392 3760 illustribus
417 3693 628 3766 testimoniis,
654 3697 684 3756 in
711 3697 825 3771 quibus
850 3715 886 3755 se
908 3698 995 3757 Deus
1019 3697 1208 3780 patefecit⁸)
1237 3699 1371 3776 humano
1392 3708 1437 3770 ge-

215 3803 302 3872 neri,
328 3819 434 3863 veram
459 3810 490 3860 et
514 3803 682 3860 salutarem
708 3817 791 3860 esse.
817 3799 882 3876 et⁰t
905 3802 1019 3862 Paulus
1045 3803 1163 3878 inquit,
1187 3801 1364 3862 Potentiam
1385 3793 1437 3856 Dei

215 3907 421 3917 ..a-..n--u—-n

298 3958 323 4021 1)
351 3958 468 4025 primurn
487 3957 593 4007 arcad:
616 3956 671 4006 Nou
691 3957 755 4006 hab.
779 3957 805 4004 d.
828 3955 862 4004 al.
885 3954 923 4019 cll
944 3956 1016 4007 hauc
1031 3957 1102 4022 apud
1122 3956 1255 4006 Seckend.
1278 3957 1382 4006 desunt.

299 4045 328 4104 2)
352 4044 414 4110 Dei]
436 4043 584 4094 sechemia
605 4043 712 4094 Domini
1060 4047 1061 4050 ’

298 4131 325 4195 tt)
352 4130 390 4196 et]
413 4147 427 4178 a
447 4129 579 4182 Scckcnd.
602 4135 677 4178 textu
697 4131 784 4180 abest.

299 4219 327 4282 d)
355 4215 428 4282 csse]
448 4215 595 4266 Sec-hand:
616 4215 697 4264 etium
783 4201 785 4208 ’

298 4304 327 4368 5)
352 4299 504 4366 siriciani]
526 4297 675 4350 Scclrend.:
697 4300 844 4351 anteferre.

218 4453 219 4456 Ἴ
299 4392 326 4452 n)
351 4386 537 4452 Delectantur]
559 4387 707 4438 Seclrend.:
729 4387 903 4438 Delectantur

298 4476 327 4541 7)
352 4471 460 4538 edunt,]
483 4473 553 4538 Opp.
573 4473 654 4522 Mel:
675 4473 801 4536 oducunt,

297 4561 326 4623 8)
353 4557 501 4625 patefecit]
518 4556 665 4610 Sarkana:
688 4559 822 4625 patefacit

297 4644 324 4708 9)
352 4643 390 4709 ct]
411 4642 558 4694 Seckend,:
580 4651 606 4692 ct
624 4651 654 4695 at
