3072 5208
194 307 261 378 att
594 325 840 378 snrrmuunra
859 326 942 378 eam
963 327 1035 380 inm.

193 489 268 558 aaut
298 482 359 542 sibi
389 480 515 540 titutum
528 479 550 556 ¹)
578 481 740 542 Ecclesiae
770 483 839 542 Dei.
893 484 924 542 ln
956 484 1015 542 tiae
1038 481 1128 542 aiunt
1151 497 1277 556 semper
1300 495 1433 540 manere

193 599 302 645 veram
324 583 514 652 doctrinam,
539 584 753 646 necessariam
777 585 816 644 ad
840 587 988 646 satutem.
1024 583 1127 654 Quare
1150 601 1220 644 curu
1244 585 1332 644 nulla
1352 599 1434 644 rrunc

193 683 257 746 sint
284 684 388 755 idola,
426 686 504 746 nulii
535 701 661 748 errores
690 695 870 764 pugnantes
906 704 978 748 cum
1014 685 1160 746 articulis
1197 685 1275 746 fidei
1307 687 1341 746 in
1376 684 1432 744 illo

193 795 303 858 coetu,
339 787 395 863 qui
425 786 488 848 ianr
516 787 639 863 aliquot
671 787 824 866 seculis²t
861 789 944 868 regit
974 787 1167 858 Ecclesiam,
1204 788 1432 856 vociferantur,

190 900 245 953 aut
274 894 354 954 tulso
384 891 540 966 quaedam
570 891 601 952 in
631 892 777 957 doctriua
805 895 924 954 usitata
956 899 987 952 el
1010 892 1138 954 usitatis
1170 891 1284 952 ritibus
1320 908 1432 968 repre-

190 994 307 1063 hendi,
337 1002 390 1054 aut
420 991 578 1054 seditiose
607 1010 658 1054 ras
690 1012 804 1070 parvas
835 997 1010 1072 exagitari,
1044 1012 1122 1068 quas
1147 995 1322 1056 condonari
1348 1011 1432 1056 com·

191 1097 278 1159 muni
300 1093 525 1170 tranquillitati
548 1097 664 1156 melius
688 1105 785 1156 esset.

276 1200 353 1262 Cum
382 1205 487 1258 autern
517 1213 618 1274 saepe
655 1200 736 1260 alius
773 1200 909 1260 relatata
945 1199 987 1258 sit
1018 1202 1097 1262 haec
1132 1198 1284 1262 iactantia
1319 1199 1432 1258 adver·

189 1303 363 1371 sariorum,
401 1300 457 1375 qui
493 1317 625 1377 magnos
660 1310 694 1361 et
730 1309 858 1361 veteres
888 1302 1054 1364 Ecclesiae
1091 1305 1214 1362 morbos
1251 1301 1432 1362 occultunt:

189 1423 272 1470 nurrc
300 1411 420 1468 tantum
450 1403 610 1464 orabimus
643 1421 754 1466 omnes
784 1406 937 1466 honestos
968 1407 1132 1474 nomines,
1169 1424 1229 1466 nou
1253 1405 1431 1466 tascinatos

188 1510 285 1570 stulta
308 1505 554 1585 superstitione,
579 1515 614 1569 ut
637 1506 895 1584 circumspiciant
919 1515 985 1570 toto
1012 1512 1087 1570 ortae
1111 1516 1263 1568 lemarum
1287 1508 1432 1584 collegia

188 1612 386 1674 sacerdotum
417 1610 511 1685 plena
540 1609 691 1671 inscitiae
715 1618 747 1671 et
771 1611 945 1687 spurcitiae
958 1611 997 1689 ¹),
1033 1621 1066 1674 ct
1091 1611 1217 1674 videant
1241 1611 1272 1670 iu
1296 1611 1431 1685 templis

189 1716 342 1793 populum
365 1713 404 1773 ad
428 1713 573 1773 diversas
597 1720 718 1776 statuas
737 1722 946 1790 prostratum,
971 1719 1009 1778 ab
1026 1714 1101 1776 aliis
1118 1715 1183 1774 alia
1198 1715 1281 1774 dona
1297 1721 1430 1788 petere:

189 1825 221 1880 et
243 1836 304 1877 uon
329 1816 421 1876 modo
445 1814 641 1891 singularum
663 1819 823 1894 gentium,
848 1819 902 1878 sed
926 1835 1008 1896 pene
1023 1818 1221 1896 singulorum
1236 1817 1431 1894 oppidorum

186 1918 253 1982 alia
276 1920 403 1980 numina
426 1933 517 1986 esse,
548 1934 681 1994 quorum
711 1918 915 1980 invocatione
946 1928 1067 1982 urentes
1091 1939 1110 1982 a
1134 1936 1209 1980 vera
1239 1917 1300 1978 Dei
1340 1918 1429 1978 iuvo-

188 2022 314 2083 cntione
338 2020 453 2081 abduci
476 2028 539 2081 tarn
563 2022 766 2084 manifestum
788 2032 855 2102 est,
879 2042 973 2100 quam
986 2025 1188 2084 manifestum
1205 2023 1301 2084 estin
1318 2025 1430 2082 bruma

188 2127 280 2186 uobis
303 2123 388 2184 diem
411 2123 591 2184 breviorem
616 2139 689 2184 esse
715 2142 810 2199 quam
833 2127 864 2186 in
889 2127 1014 2188 aestino
1039 2127 1189 2188 solstitio.

271 2223 396 2287 Deinde
421 2223 624 2284 considerent
656 2223 722 2301 et⁴)
752 2229 1006 2303 profanationem
1037 2245 1137 2288 cueria
1164 2224 1310 2294 Domini,
1343 2241 1427 2300 quae

189 2327 354 2403 partimin
380 2326 810 2403 theatricumspectaculum
840 2348 996 2392 conuersa
1023 2338 1088 2399 est,
1120 2330 1233 2407 partini
1262 2327 1294 2388 in
1328 2343 1428 2402 quac·

187 2437 268 2490 stum
292 2431 424 2498 collata,
449 2437 480 2490 et
503 2429 611 2492 multis
636 2432 738 2492 modis
762 2433 1002 2496 contaminatur.

271 2531 355 2592 Haec
387 2551 456 2592 cum
485 2534 688 2594 considerant
720 2537 908 2611 prudentes,
946 2537 1069 2606 nihilne
1104 2535 1179 2596 mali
1209 2541 1320 2612 putant
1351 2548 1426 2592 esse

185 2641 284 2696 tetras
318 2624 747 2700 libidinum'conlusiones‘l
780 2647 954 2700 statuarum
977 2634 1225 2700 invocationes?
1262 2643 1293 2696 et
1317 2637 1426 2696 varias

186 2753 307 2797 coenae
344 2737 532 2797 Dominicae
570 2739 833 2815 profanationes?
893 2741 979 2812 Quae
1016 2760 1085 2802 curu
1122 2747 1195 2800 ante
1231 2741 1312 2798 haec
1348 2747 1425 2796 tcm-

187 2856 264 2914 pora
288 2838 335 2914 pii
362 2840 543 2901 eruditione
567 2849 599 2900 et
623 2844 790 2918 prudentia
814 2846 1045 2906 antecellentes
1070 2859 1196 2919 semper
1212 2841 1425 2918 deplorarint,

186 2958 267 3000 nunc
291 2940 437 3002 homines
461 2945 558 3004 astuti
581 2944 755 3005 delendcre
779 2946 967 3022 praestigiis
993 2949 1158 3008 uerborum
1178 2951 1338 3004 conantur.
1385 2947 1425 3004 At

185 3058 238 3101 res
261 3044 402 3118 loquitur
425 3045 516 3121 ipsa,
540 3049 620 3106 haec
643 3050 793 3122 exempla
814 3049 1019 3109 Ethnicorum
1042 3047 1162 3108 similia
1186 3045 1216 3106 in
1232 3045 1423 3114 Ecclesiam,

185 3144 305 3204 diaboli
330 3147 476 3208 artificiis
500 3147 627 3208 invecta
653 3165 741 3219 esse,
766 3158 797 3209 et
822 3152 975 3226 paulatim
999 3151 1190 3212 conlirrnata.

269 3250 310 3308 At
333 3267 394 3308 iton
420 3256 516 3319 errat,
541 3246 705 3324 inquiunt,
730 3251 882 3318 Ecclesia.
929 3252 1015 3322 Quae
1039 3260 1089 3312 est
1112 3253 1173 3312 iste
1198 3245 1422 3326 impudentia?

185 3352 260 3410 Cum
284 3350 316 3410 in
341 3360 515 3428 conspectu
538 3352 602 3412 sint
616 3361 680 3414 tam
702 3361 781 3414 tetra
795 3357 893 3426 mala,
918 3356 1003 3416 riotle
1019 3362 1125 3415 tamen
1141 3352 1236 3414 lateri
1253 3349 1382 3412 errata?
1398 3351 1422 3426 ⁵)

269 3453 335 3512 Nou
359 3454 488 3514 dubium
512 3451 616 3538 csi‘),
650 3462 681 3514 ct
704 3455 806 3518 tuisse
830 3473 973 3534 semper,
1004 3464 1037 3516 ci
1066 3473 1141 3519 esse
1171 3455 1318 3518 homines
1348 3455 1422 3530 pios

184 3555 215 3614 in
239 3555 401 3626 Ecclesia,
434 3557 489 3631 qni
519 3559 692 3633 pterosque
721 3575 845 3623 errores
877 3569 908 3620 et
937 3561 1159 3635 deplorarent,
1190 3566 1222 3618 et
1247 3558 1420 3636 reprehen-

182 3656 313 3727 derunt,
345 3658 402 3718 alii
427 3661 544 3736 nragis,
576 3660 635 3720 alii
658 3661 761 3723 minus
785 3665 966 3740 perspicue.
1021 3664 1066 3724 lte
1089 3671 1196 3724 manet
1218 3662 1250 3722 in
1275 3660 1422 3722 Ecclesia

185 3759 310 3820 veritas.
370 3764 496 3822 interim
532 3771 652 3831 tamen,
691 3772 723 3824 nt
759 3767 957 3841 praedictum
996 3775 1062 3836 cst,
1099 3765 1254 3826 dominati
1285 3772 1356 3825 sunt
1386 3765 1419 3823 in

185 3861 329 3922 Ecclesia
353 3863 524 3925 Pontifices
548 3865 690 3942 profani,
722 3869 776 3940 qui
806 3865 942 3944 imperia
974 3877 1005 3929 ct
1036 3867 1219 3944 tyrannides
1250 3865 1350 3941 pluris
1373 3865 1417 3924 f-

182 3973 291 4025 cernnt
321 3983 413 4041 quain
442 3967 637 4037 doctrinam,
671 3977 702 4029 et
734 3969 854 4032 indocti
888 3973 1072 4033 sacerdotes
1104 3979 1135 4031 et
1158 3970 1248 4031 avari
1272 3969 1417 4030 monachi

269 4172 296 4238 l)
325 4180 455 4237 arrogant
474 4173 528 4223 sibi
546 4170 667 4236 titulum]
689 4172 835 4226 semona:
856 4176 984 4228 iactitant
1003 4193 1100 4230 nomeu

267 4259 295 4322 2)
324 4259 426 4322 aliquot
445 4258 559 4324 seculis]
580 4258 728 4308 Seckcnd.:
747 4277 834 4317 anuos
854 4271 999 4316 sescentos
1019 4265 1162 4318 continuus
1193 4295 1197 4300 -

267 4344 297 4409 3)
320 4345 447 4394 inscitiae
467 4351 494 4395 et
512 4344 691 4410 spurcitiae,]
712 4345 858 4400 Seckenda
880 4351 990 4405 inscitia
1010 4357 1036 4402 ct
1055 4351 1197 4416 spurcitie,

266 4428 297 4493 4)
322 4427 360 4494 et]
379 4427 527 4481 Seckcnd.:
548 4431 630 4482 etiam

264 4515 291 4576 ὃ)
317 4514 439 4580 erratui]
457 4514 604 4566 Seckeud.:
626 4532 727 4568 errare.

264 4599 295 4667 6)
322 4598 374 4666 cst]
396 4601 468 4667 apud
487 4599 619 4651 Seckend.
641 4603 727 4653 deest.
