3072 5208
461 353 707 406 suermumrn
725 353 810 405 num
829 355 907 407 rouo.
1230 335 1303 408 *w

85 511 127 572 sui
148 513 263 572 limites
287 515 492 588 promouent,
523 516 555 568 ot
579 510 664 584 quod
694 507 887 586 simplicium
916 507 1040 570 animos
1065 509 1157 569 valde
1185 515 1303 579 movet,

83 616 195 676 ridetur
218 615 362 676 Christus
391 613 626 691 professionem
650 630 740 675 suam
763 612 943 674 hlahomoto
967 613 1100 682 aedera,
1132 629 1195 688 qua
1216 612 1302 690 cogi-

82 719 189 778 tatione
213 719 387 779 dementati
409 735 471 778 non
494 715 590 792 pauci
612 716 707 775 fidem
730 717 905 793 abnegant,
936 723 968 775 et
991 733 1027 776 se
1050 714 1150 776 incidi
1179 717 1301 793 patiun-

82 827 130 880 tnr.
172 819 280 881 Toties
313 819 452 882 vidimus
475 819 674 880 Pannonicos
702 835 833 894 campos
858 818 1037 881 Christiano
1061 820 1218 896 sangiune
1240 825 1302 880 sta-

81 941 183 1000 gnare,
215 941 297 984 nunc
320 939 449 999 quoque
473 923 536 983 atsi
560 927 704 982 oratores
728 921 826 998 Regis
857 922 897 983 de
920 938 1001 998 pace
1024 923 1242 999 componenda
1262 921 1303 982 ad

82 1027 237 1087 Caesarem
267 1027 436 1086 lurcorum
467 1023 772 1100 Constantinopolim
811 1023 902 1084 missi
937 1031 1025 1094 sunt,
1060 1026 1171 1088 hostes
1199 1031 1305 1086 tamen

82 1128 170 1190 nihilo
200 1127 307 1189 minus
334 1129 406 1188 locu
434 1127 557 1195 omnia,
589 1141 672 1202 quaa
702 1125 840 1186 nondum
869 1129 999 1188 subacta
1028 1134 1117 1197 sunt,
1154 1127 1237 1189 terro
1267 1143 1305 1188 ac

81 1233 191 1293 lamma
213 1239 355 1301 vastant,
379 1237 411 1290 et
433 1236 468 1290 ut
491 1230 547 1290 illa
569 1229 655 1304 apud
678 1227 881 1304 Homerum²l
902 1229 1066 1308 Meleagro
1089 1231 1268 1307 quaeritur:

229 1347 370 1433 ’Ἀνδρας
388 1352 448 1431 μὲν
469 1353 644 1428 κτείνουσι,
666 1345 763 1411 πόλιν
786 1351 821 1412 δέ
842 1371 875 1413 τε
896 1345 957 1435 πῦρ
980 1346 1150 1434 ἀμαθύνει,
1227 1367 1230 1374 “

235 1458 328 1518 τέκνα
350 1453 387 1517 dd
407 1444 438 1514 τ’
460 1449 554 1515 ἄλλοι
578 1450 711 1535 ri'yooor,
735 1448 942 1532 βαθυζώνους
964 1475 996 1518 τε
1018 1463 1175 1536 reuolsae.

153 1577 305 1638 Ademtae
331 1580 403 1636 sunt
427 1575 520 1634 nohis
544 1575 605 1635 hoc
628 1589 738 1636 mense
763 1573 965 1650 NouembriS,
988 1575 1021 1636 in
1045 1575 1197 1655 Somogio
1214 1591 1303 1638 arces

82 1678 318 1748 munitissimae,
342 1677 482 1747 Dombo‚
505 1677 702 1756 Debregest,
726 1677 833 1739 Turris
856 1676 1011 1749 Simonis,
1034 1679 1172 1752 Tamasi‚
1195 1678 1304 1740 Ozora.

12 1801 13 1804 ¹
80 1781 140 1841 luit
162 1783 193 1843 in
215 1781 354 1842 Simonis
385 1782 464 1840 turri
495 1782 686 1841 collocatum
714 1779 913 1857 praesidium
941 1788 1154 1844 trecentorum
1183 1788 1306 1842 vetera-

12 1923 13 1926 ,
80 1899 180 1944 norum
202 1884 354 1953 militum,
378 1883 438 1942 hos
454 1881 547 1942 Tucci
571 1881 715 1958 quotidie
739 1883 779 1942 ad
802 1883 979 1945 faciendam
1003 1884 1199 1947 deditionem
1218 1883 1305 1946 solli-

81 1981 223 2057 citabant,
248 2003 285 2046 ac
308 1982 502 2061 interposita
525 1985 574 2043 sui
598 1983 800 2058 imperatoris
816 1985 896 2055 fide,
920 1986 1079 2048 faciehant
1096 1989 1144 2048 eis
1164 1993 1304 2064 potcsta-

12 2159 14 2164 ,
80 2093 137 2148 tem
157 2089 293 2149 abeundi
317 2104 386 2147 cum
408 2089 503 2146 rebus
527 2087 611 2156 suis,
645 2091 676 2146 et
707 2103 777 2148 cum
807 2085 1046 2164 impedimentis
1077 2091 1239 2159 omnihus,
1267 2108 1305 2150 ac

12 2205 14 2216 ’
81 2205 258 2266 quocunque
284 2191 404 2250 vellent
428 2187 668 2265 commigrandi.
722 2188 877 2251 Tribunus
900 2191 1037 2254 militum
1059 2193 1113 2254 ubi
1136 2193 1218 2253 vidit
1240 2211 1306 2255 mu-

12 2343 14 2352 .
81 2289 223 2354 nitionern
247 2293 351 2354 teneri
374 2289 511 2368 amplius
541 2311 603 2352 non
627 2307 742 2368 posse,
777 2309 853 2353 suos
883 2297 1067 2356 cohortatus
1097 2295 1179 2358 dixit
1208 2297 1307 2358 multa

12 2429 13 2432 =
82 2395 210 2472 graviter
233 2398 273 2456 de
296 2394 433 2474 perfidia
457 2392 614 2464 hostium,
638 2395 786 2472 exempla
804 2397 1070 2460 commemoravit.
1104 2397 1205 2471 Dixit,
1229 2397 1303 2475 quid

84 2499 250 2562 Christiana
278 2501 360 2560 fides
390 2497 550 2574 postulet,
588 2505 753 2573 praestare
790 2515 847 2574 pro
884 2499 988 2577 gloria
1019 2501 1135 2563 Christi
1169 2504 1306 2562 honesto

83 2611 203 2664 mortem
226 2610 397 2680 appetere,
430 2616 523 2676 quam
553 2615 626 2658 arce
657 2599 783 2670 dedita,
815 2609 869 2661 aut
892 2600 926 2662 in
948 2611 1107 2681 perpetua
1129 2595 1306 2682 ignominia

13 2713 14 2716 ’
85 2703 198 2778 rivere,
228 2713 283 2767 aut
314 2704 471 2782 pecudum
502 2703 600 2764 instar
631 2699 770 2762 inermes
794 2707 984 2767 obtruncari.
1039 2707 1124 2779 Quos
1147 2709 1202 2768 nbi
1226 2707 1305 2769 satis

84 2808 228 2872 animatos
250 2807 348 2879 vidit,
373 2804 484 2884 paucis
509 2821 617 2867 secum
640 2805 792 2877 retentis,
817 2807 849 2867 in
873 2810 983 2870 hostes
1008 2811 1132 2882 emisit,
1155 2813 1305 2890 sperabat

85 2928 132 2973 eos
153 2915 322 2975 'lurcorum
352 2919 454 2972 castra
485 2909 677 2970 disiecturus
708 2925 782 2970 esse
811 2918 864 2971 aut
887 2915 1098 2976 consternatis
1123 2913 1229 2977 subito
1252 2933 1306 2992 pa-

84 3034 148 3076 rcre
170 3017 296 3077 illorum
320 3012 435 3074 arrimis
465 3029 570 3072 arcem
600 3011 765 3073 oblivione
787 3013 989 3077 liberaturos
1038 3018 1235 3079 Dinricarunt
1258 3018 1306 3077 illi

85 3119 246 3183 lectissime
269 3117 406 3187 tamdiu,
430 3117 532 3176 donec
556 3111 666 3175 lassati
691 3115 840 3176 continue
866 3119 1006 3180 hostium
1028 3121 1126 3180 caede
1145 3119 1307 3181 aciacum-

85 3221 142 3283 lnsn
170 3220 372 3284 multitudine
400 3219 439 3279 ad
470 3237 566 3278 unum
598 3235 709 3279 omnes
737 3221 912 3281 obtruncati
943 3231 1024 3283 sunt.
1080 3221 1147 3294 Qua
1171 3221 1308 3283 victoria

86 3325 150 3386 eloti
172 3326 265 3387 anci
295 3325 365 3386 sine
398 3340 483 3383 mora
514 3320 722 3381 munitionem
753 3321 915 3383 invadunt.
966 3310 1122 3388 Tribunus
1154 3327 1195 3386 de
1218 3342 1307 3401 prae-

86 3427 156 3489 sidio
184 3431 360 3511 desperans
391 3426 549 3504 patefacta
580 3433 669 3502 porta
700 3427 852 3502 erumpit,
883 3435 969 3488 tanto
1001 3428 1140 3506 impetu,
1171 3437 1206 3491 ut
1235 3443 1307 3490 eum

86 3545 138 3589 non
159 3548 249 3592 secus
280 3528 352 3608 ao')
382 3529 498 3589 tulmen
528 3526 702 3602 quoddam,
730 3528 842 3589 hostes
873 3547 1000 3606 quoquo
1031 3547 1066 3594 se
1098 3537 1307 3600 converterat,

86 3629 260 3696 devitarint:
290 3636 336 3695 ita
364 3630 477 3693 obvios
508 3645 651 3704 quosque
683 3631 845 3692 caedendo
876 3651 935 3712 per
970 3633 1106 3696 mediam
1136 3637 1307 3696 Tuscorum

87 3734 173 3798 aciem
197 3735 342 3816 perrupit
366 3733 461 3812 atque
485 3732 655 3794 incolumis
679 3733 767 3794 abiit.
825 3736 956 3799 Nostros
980 3737 1144 3817 Principes
1168 3735 1306 3808 interim,

87 3833 161 3899 heus
182 3843 281 3911 hone,
305 3845 440 3916 quantus
464 3842 614 3896 veternus
638 3835 757 3896 habet?
789 3839 846 3898 sed
869 3840 963 3902 nimis
986 3840 1122 3919 vigilant
1146 3840 1186 3900 ad
1209 3839 1307 3899 effun-

88 3937 209 4004 dendum
232 3945 434 4004 innocentem
457 3939 660 4018 sanguinem,
684 3941 725 4000 ad
748 3943 935 4018 expilandos
960 3940 1105 4005 subditos
1129 3939 1308 4025 δημόβοροι

87 4043 229 4124 βασιλῆες.
282 4045 348 4127 Non
379 4061 508 4121 possum
540 4041 703 4104 interitum
733 4046 857 4119 patriae
888 4045 985 4108 siccis
1015 4046 1117 4107 oculis
1146 4052 1310 4122 spectare:

90 4147 138 4206 sed
160 4168 224 4209 cnm
247 4148 369 4210 mederi
402 4143 588 4210 exitialibus
618 4131 711 4208 malis
744 4159 925 4225 nequeam,
945 4152 1057 4211 lunera
1087 4157 1207 4211 tantum
1237 4149 1308 4210 eius

91 4246 202 4326 lugubri
223 4254 451 4314 lamentatione
474 4269 664 4330 prosequor.
707 4253 741 4312 ln
764 4260 851 4314 tanto
876 4245 987 4314 dolore
1014 4249 1142 4314 unicum
1165 4260 1215 4314 est
1238 4270 1309 4331 per-

90 4351 215 4428 fugium,
238 4357 321 4433 quod
344 4355 502 4417 historiae
526 4365 557 4416 et
580 4357 664 4418 sacri
687 4353 761 4417 libri
786 4364 960 4434 praestant.
995 4357 1061 4416 line
1076 4357 1253 4436 coniugio,
1277 4359 1310 4420 ih

91 4483 278 4506 Ἣ

168 4565 190 4627 1)
215 4563 290 4616 hom.
310 4564 340 4616 n.
360 4552 405 4626 rx,¹
430 4563 480 4615 eno
501 4577 542 4628 oq.

164 4649 193 4714 2)
216 4647 258 4714 ac]
278 4647 405 4700 Fechtius
425 4655 483 4715 hyp.
504 4663 573 4699 erm:
595 4649 629 4699 ad
