3072 5208
241 333 313 403 adl
632 353 878 406 sacrararum
904 354 987 408 aaut
1003 356 1084 409 aaa,

329 511 392 571 Sed
416 514 587 572 reclamant
607 508 800 572 adversarii:
828 511 925 570 Merita
948 516 1018 572 sant
1042 513 1193 581 obscura,
1218 528 1352 586 qaorum
1372 510 1466 572 decla·
1525 545 1527 594 p

243 613 324 673 ratio
349 614 436 690 prius
461 617 497 674 ab
522 614 683 674 ordinarie
706 620 866 689 potestate
890 620 1025 689 petatur.
1071 613 1195 676 Scimus
1213 613 1333 694 ¹llaec¹l
1357 616 1466 691 plausi·
1525 599 1527 672 ἶ

241 717 350 778 biliter
379 717 444 778 dici
471 721 509 778 ab
540 715 751 786 adversariis,
782 718 836 791 qui
865 717 894 776 si
924 719 985 777 hoc
1014 716 1101 778 serio
1132 718 1239 778 dicuat
1269 719 1466 794 Euangeliou

243 835 316 880 esse
339 820 518 898 ambiguam
543 828 573 880 et
597 822 749 881 incertam
772 819 963 889 doctrinam,
996 819 1073 894 quid
1105 822 1192 881 aliud
1224 827 1308 882 esse
1326 821 1467 897 cogitant,

242 941 336 998 quern
350 923 510 1000 Sphingos
534 920 737 1001 aenigmata?
761 932 795 984 ut
818 940 921 1000 nuper
944 924 1072 999 quidem
1086 941 1127 986 ex
1144 923 1339 986 adversariis
1357 930 1466 984 nostra-

241 1045 309 1087 rarn
331 1026 543 1088 Ecclesiarum
567 1026 711 1103 scripsit,
732 1030 852 1088 nullam
875 1044 950 1088 esse
977 1029 1107 1088 verbum
1131 1029 1162 1088 in
1187 1027 1316 1100 scriptis
1338 1027 1467 1102 Prophe·

239 1130 313 1192 ticis
338 1137 370 1190 et
395 1131 608 1206 apostolicis,
632 1132 716 1205 qaod
741 1150 800 1191 non
825 1132 914 1191 varie
937 1131 1078 1206 intelligi
1101 1129 1216 1206 possit.

326 1234 470 1293 Proiecto
495 1235 652 1294 horrende
676 1234 868 1295 contumelia
881 1236 983 1296 Deum
997 1233 1157 1302 alliciant,
1182 1233 1236 1308 qui
1252 1232 1300 1292 sic
1313 1234 1355 1292 de
1373 1233 1468 1309 ipsius

241 1353 388 1399 sermone
417 1337 568 1398 iudicant.
619 1338 720 1398 Etiam
748 1337 853 1399 sicubi
884 1337 918 1398 in
948 1345 1038 1414 parte
1068 1337 1178 1413 aliqua
1209 1355 1270 1398 noa
1301 1338 1409 1396 statim
1439 1353 1466 1394 se
1526 1409 1527 1413 Ἰ

240 1441 369 1504 rudibus
401 1441 492 1502 offert
522 1441 695 1510 sententia,
733 1449 836 1502 tamen
869 1459 988 1502 summa
1017 1442 1182 1501 doctrinae
1213 1441 1388 1516 perspicua
1416 1446 1465 1498 est.

240 1547 334 1605 Nulla
363 1547 394 1605 in
417 1543 579 1621 Decalogo
611 1552 661 1605 est
689 1545 889 1622 ambiguitas.
942 1545 1015 1604 Vult
1038 1545 1123 1604 e'nim
1147 1541 1294 1622 extare²)
1325 1550 1357 1602 et
1380 1559 1466 1602 enea-

240 1650 301 1708 diri
325 1651 412 1710 Deus
436 1666 523 1708 saram
548 1647 739 1708 sententiam
762 1651 799 1708 ab
822 1647 973 1708 universo
998 1663 1119 1724 genere
1141 1648 1294 1716 humano,
1319 1647 1392 1706 sine
1410 1648 1466 1706 ulla

240 1750 464 1827 anrbiguitete,
488 1750 640 1810 adversas
664 1756 838 1825 peccatum.
890 1749 1016 1810 Deinde
1039 1749 1100 1808 toti
1124 1748 1236 1825 generi
1258 1751 1398 1810 hamana
1421 1768 1466 1809 no-

240 1860 303 1914 tam
326 1855 394 1913 vult
418 1869 490 1914 esse
513 1853 887 1924 henc'consolationem,
911 1855 1067 1930 prolatam
1090 1869 1131 1912 ex
1155 1867 1271 1914 arcano
1294 1852 1383 1912 sinu:
1418 1853 1466 1912 lle-
1526 1927 1527 1930 Ἴ

240 1955 323 2018 mitti
347 1955 440 2016 nobis
463 1963 611 2030 peecata,
647 1964 678 2017 et
700 1957 772 2016 fieri
795 1975 853 2016 nos
878 1957 1034 2018 haeredes
1059 1954 1147 2016 vitae
1169 1959 1322 2018 aeternae
1346 1962 1467 2031 propter

238 2057 391 2136 filiam³l,
417 2077 476 2118 non
500 2065 631 2135 propter
653 2065 777 2120 nostras
802 2059 946 2120 virtutes.
999 2059 1036 2118 Et
1060 2059 1122 2118 hoc
1145 2057 1259 2135 ingens
1283 2059 1466 2120 beneficiam

238 2161 301 2221 fide
325 2159 547 2236 accipiendam
572 2177 661 2230 esse,
686 2161 951 2234 statuendamque
973 2158 1108 2236 singulis
1131 2159 1163 2220 in
1182 2158 1384 2236 poenitentia
1399 2177 1466 2220 vere
1526 2217 1527 2224 ,

239 2280 275 2323 se
298 2264 401 2341 recipi
425 2272 554 2342 propter
582 2266 683 2326 filiurn
712 2266 773 2326 Dei
784 2262 827 2343 ⁴),
856 2283 893 2327 ac
923 2272 1072 2341 oportere
1103 2265 1135 2338 'an
1165 2265 1275 2333 nobis,
1306 2269 1465 2339 postquam

239 2369 361 2444 recepti
373 2367 397 2447 ⁵)
428 2386 553 2438 sumas,
583 2371 690 2429 lucere
719 2371 801 2430 lraao
823 2369 937 2438 fidem,
968 2376 1001 2427 et
1025 2369 1168 2441 existere
1190 2365 1348 2434 iustitiam
1370 2370 1464 2428 bonae

238 2471 464 2534 conscientiae.
1200 2522 1202 2530 .
1526 2533 1527 2552 ¹

320 2573 406 2634 Haec
428 2575 592 2636 doetrinae
617 2573 722 2652 capita
747 2590 806 2634 nec
829 2576 980 2642 obsera-e,
1004 2588 1062 2632 nec
1082 2570 1232 2648 ambigue
1254 2571 1369 2634 tradita
1389 2578 1462 2632 sant.
1526 2617 1527 2622 1

236 2676 273 2736 Et
298 2677 425 2751 siquid
451 2684 499 2738 est
523 2676 645 2738 in‘allo
670 2677 804 2741 articulo
830 2675 1051 2748 obseruantia,
1085 2673 1209 2739 addidit
1231 2676 1319 2736 Deus
1343 2675 1463 2750 seriptis

238 2787 423 2856 perpetuam
449 2796 561 2840 vocem
591 2779 765 2842 ministerii
788 2777 991 2856 Evangelici,
1022 2795 1084 2853 que
1114 2777 1257 2854 imperiti
1287 2777 1464 2839 erudiantur

236 2881 275 2941 de
301 2899 375 2943 vera
391 2884 664 2958 interpretatione.
701 2883 734 2944 ld
750 2882 963 2944 ministerium
977 2881 1114 2960 docendi
1127 2881 1296 2957 Evangelii
1312 2887 1345 2940 et
1360 2880 1464 2945 tuisse,

237 2992 268 3044 et
293 3001 364 3046 esse
387 2986 420 3048 in
443 2985 559 3048 nostris
583 2985 739 3048 Ecclesiis
763 2986 873 3063 negari
897 3005 959 3046 non
983 2992 1099 3061 potest.
1134 2985 1171 3047 Et
1196 2991 1267 3046 sunt
1291 2991 1324 3044 et
1346 2987 1462 3044 fuerunt

149 3135 154 3140 .
236 3088 341 3150 stadia
369 3090 532 3150 doetrinae
562 3089 731 3167 Evangelii
761 3090 845 3166 apud
875 3107 952 3158 nos,
989 3096 1023 3150 ut
1053 3088 1141 3150 filius
1170 3089 1231 3149 Dei
1260 3081 1460 3166 praecipit⁶):

180 3264 182 3268 Ι
236 3190 270 3252 Si
294 3191 368 3266 quvis
390 3191 499 3269 diligit
522 3210 588 3262 rne,
613 3209 792 3255 sermonem
817 3209 920 3252 rneurn
944 3190 1094 3252 servabit.

319 3293 421 3364 Quare
446 3313 505 3354 non
529 3302 650 3357 temere
667 3293 843 3356 sententias
861 3294 1080 3370 inexploratas
1098 3301 1151 3354 aut
1167 3299 1354 3370 sparserant
1370 3288 1460 3352 nostri

234 3397 399 3468 doctores,
431 3405 485 3457 aut
514 3415 571 3458 nos
602 3398 792 3472 recepimus,
846 3397 909 3456 Sed
940 3403 972 3456 et
1001 3395 1150 3457 doctores
1182 3402 1214 3459 et
1235 3414 1312 3467 nos,
1339 3399 1460 3470 propter

135 3535 137 3539 >
234 3499 367 3574 gloriam
389 3498 452 3560 Dei
476 3502 508 3559 et
529 3502 663 3560 salutem
686 3506 842 3568 nostram,
866 3499 1141 3562 consideravimus
1164 3499 1270 3558 fontes
1294 3496 1458 3562 doctrinae,

234 3601 424 3662 contulimus
447 3601 613 3666 Ecclesiae
645 3600 881 3678 testimonie⁷),
919 3601 1138 3676 quaesivimus
1170 3601 1372 3676 antiquitatis
1404 3599 1456 3658 sin·

234 3718 326 3762 cerae
349 3702 547 3786 tempore⁸),
571 3721 611 3765 ne
633 3722 731 3766 novas
752 3713 807 3766 aut
820 3705 986 3781 ambiguas
1002 3703 1180 3769 sententias
1194 3705 1455 3780 amplecteremur.

317 3808 421 3880 Atque
444 3807 487 3865 ita
512 3813 618 3866 servet
641 3809 727 3868 Deus
749 3823 877 3884 semper
908 3809 941 3874 in
964 3807 1109 3870 Ecclesia
1133 3807 1318 3875 veritatem,
1349 3823 1407 3868 rron
1429 3802 1455 3860 in

233 3909 287 3967 illo
313 3917 423 3979 coetu,
449 3911 503 3984 qai
528 3911 717 3986 prophetica
741 3918 772 3970 et
796 3911 974 3987 apostoliea
991 3913 1118 3987 ‚scripta
1141 3909 1295 3988 negligit,
1325 3915 1354 3969 et
1378 3921 1455 3984 prae-

231 4012 437 4022 ..—

322 4045 344 4109 l)
370 4045 449 4111 llaec]
472 4046 622 4097 Seckend.:
647 4049 697 4098 hoc

316 4131 345 4195 2)
372 4132 478 4197 extare]
499 4131 648 4184 Seckend.:
673 4148 809 4202 exponere

257 4250 261 4256 ,
315 4216 345 4281 8)
369 4231 411 4284 pr,
430 4217 542 4284 fllium,]
563 4219 710 4270 Seckend.:
731 4237 775 4288 pr.
795 4221 893 4288 Filium
912 4221 1117 4285 Medietatem·

314 4301 344 4368 4)
368 4303 429 4369 Dei]
452 4305 523 4370 apud
544 4305 676 4356 Seckend.
696 4307 783 4360 deest.

318 4389 347 4448 5)
371 4390 488 4456 recepti]
509 4391 655 4443 Seckend.:
676 4395 765 4444 renati

315 4475 344 4537 a)
368 4475 531 4541 praroripilz]
552 4476 701 4528 Seckend.:
722 4482 875 4546 praecepit,

314 4565 343 4621 tt
366 4561 551 4627 testimonia]
573 4562 720 4613 Seckend.:
740 4572 875 4632 tempora,

314 4645 343 4713 a)
367 4646 517 4714 tempora‚]
538 4647 686 4699 Seckend.:
707 4653 875 4716 testimonia,
