3116 5212
232 417 297 490 tac
758 442 938 498 arianum.

240 599 360 664 utiliter
386 600 551 679 praeludia
581 601 763 664 huiusmodi
797 602 947 664 duntaxat
981 604 1213 694 concludentur.
1257 605 1361 684 ilingit
1384 609 1472 669 enirn

236 703 321 780 Papa
343 721 378 766 se
414 703 540 768 interim
571 707 656 766 velle
687 706 771 767 alios
794 707 955 780 praelatos
986 708 1159 784 expectari,
1194 715 1228 770 et
1250 711 1394 773 Caesaris
1436 732 1473 774 ac

227 805 356 882 llegum
378 807 546 870 adventurn
569 807 696 884 operiri.
733 809 795 870 Sed
820 823 947 880 vereor,
970 826 1011 871 ue
1034 825 1069 872 re
1092 827 1169 872 vera
1192 811 1392 874 occasionem
1419 831 1473 874 ex-

237 916 344 985 pectet
367 895 473 974 orunia
488 909 641 996 ¹soluendi
663 918 696 973 et
717 913 937 988 perturbandi,
971 931 1011 975 ne
1036 914 1149 976 babeat
1171 931 1361 988 successum,
1394 935 1475 980 suus

241 1015 341 1073 status
365 1013 396 1074 in
421 1014 549 1076 dubium
573 1021 712 1077 vocetur.
756 1018 819 1078 lam
843 1017 940 1078 enim'
958 1016 1045 1078 multi
1072 1019 1151 1080 satis
1174 1026 1294 1097 aperte,
1324 1021 1398 1098 quid
1427 1023 1475 1082 di-

237 1117 318 1177 cturi
342 1113 414 1188 sint,
439 1118 653 1178 ostenderunt.
700 1119 765 1180 Nou
789 1120 862 1182 dico
884 1121 924 1180 de
945 1121 1022 1182 fidei
1052 1121 1195 1182 articulis
1229 1140 1298 1183 curn
1320 1124 1475 1186 Luthera-

239 1218 288 1278 nis
313 1235 536 1290 consensuros,
560 1221 616 1280 sed
652 1219 683 1281 in
718 1219 883 1282 renitendo
919 1223 1079 1284 Pontificis
1102 1224 1272 1301 Tyrannidi
1308 1231 1341 1285 et
1370 1227 1472 1303 lanpe-

237 1320 284 1380 rio
308 1321 397 1398 ipsos
419 1325 614 1386 Lutlteranos
636 1327 732 1404 longe
755 1331 970 1403 superaturos,
1002 1327 1214 1400 desideratur,
1248 1330 1301 1412 qni
1335 1331 1476 1408 glaciem

239 1431 371 1498 rurnpat,
394 1423 448 1504 qui
470 1429 654 1504 praesultet.
693 1430 717 1488 Ο
741 1435 890 1507 quantum
914 1429 1075 1491 insaniunt
1095 1431 1279 1504 Lutheruni,
1302 1434 1386 1510 quod
1411 1450 1476 1494 nou

238 1527 299 1586 linc
321 1527 512 1590 adsumant·
540 1530 606 1610 Ego
631 1533 736 1594 maritis
770 1539 841 1594 utor
864 1535 957 1594 valde
979 1533 1188 1607 familiariter,
1212 1543 1245 1597 et
1268 1535 1371 1608 vides,
1395 1538 1475 1616 quid

236 1628 342 1690 animo
366 1639 517 1704 prement.
562 1636 648 1696 Vale.
695 1637 740 1702 Er
764 1635 942 1703 Mediolano
969 1641 1059 1704 talc.
1134 1693 1136 1697 .

753 1888 958 1904 -u——u—-w-

240 2095 311 2154 aar.
346 2095 530 2212 Q
576 2099 651 2174 (vu.
674 2099 726 2156 vr.
749 2119 776 2177 p.
793 2096 879 2178 183.)
966 2157 968 2162 ,
1268 2101 1480 2162 uramara.

1271 2185 1473 2215 m

700 2296 836 2368 loanni
862 2295 1020 2370 Petreio.

309 2463 382 2516 Hane
402 2465 545 2531 epistolam
572 2463 606 2514 ad
626 2463 776 2526 Petreium,
801 2463 973 2530 bibliopolam
993 2463 1261 2530 Norlmbergensem,
1290 2465 1359 2523 Glar.
1379 2467 1481 2520 Seide-

343 2567 456 2605 mannus
483 2551 597 2619 primum
623 2556 774 2622 divulgavit
800 2562 829 2604 ia
857 2554 939 2606 hocca
958 2551 1025 2604 libro
1054 2552 1087 2604 ab
1113 2555 1172 2621 lpeo
1201 2554 1290 2608 edito:
1328 2554 1363 2605 bl.
1391 2552 1482 2608 aaron

343 2636 522 2704 doutrrbou’e,
547 2638 655 2700 bierunt
672 2653 702 2708 au
719 2639 886 2711 litlttealetar
901 2639 1027 2710 tracturi>
1046 2637 1481 2706 oultotssotr1538,ttebouot=

344 2726 424 2792 queue
442 2727 483 2782 ter
501 2725 639 2798 illucebat
656 2726 779 2796 tuttrr't.
818 2727 946 2798 (brattea
966 2731 1042 2787 1872.
1061 2726 1103 2799 8⁰)
1121 2727 1228 2797 botana
1251 2727 1338 2798 pllio
1357 2743 1399 2795 aq.

650 2937 713 3002 Ad
735 2937 895 3003 Ioannem
915 2937 1085 3002 Patrem.

346 3091 413 3154 Etsi
437 3115 497 3156 non
522 3115 591 3158 sum
614 3099 682 3158 sine
705 3095 812 3174 aliquo
836 3099 957 3169 dolore,
990 3105 1078 3158 esset
1101 3096 1186 3157 enirn
1209 3097 1306 3157 terrei
1330 3101 1363 3156 et
1386 3097 1483 3174 impii

247 3199 354 3268 animi,
382 3219 442 3260 non
467 3201 588 3261 moveri
626 3201 719 3263 tantis
743 3200 896 3278 periculis
921 3200 1104 3262 domesticis
1129 3205 1161 3260 et
1183 3201 1411 3269 communibus,
1438 3207 1482 3258 ta·

243 3317 314 3360 nien
337 3317 397 3362 nec
419 3323 521 3364 novus
545 3312 595 3365 est
617 3304 671 3365 uic
694 3310 807 3376 metus,
831 3322 891 3366 nec
912 3322 1039 3382 prorsus
1075 3306 1244 3386 imparatus
1269 3307 1318 3363 cst
1351 3300 1482 3363 animus

243 3420 333 3464 meus
355 3405 395 3466 ad
415 3409 475 3468 hos
498 3416 633 3471 terrores
657 3408 876 3488 excipiendos.
920 3409 984 3470 lam
1008 3410 1082 3469 olim
1106 3425 1156 3470 me
1178 3409 1239 3470 hac
1261 3405 1482 3468 consolatione

248 3513 402 3579 sustento,
427 3523 506 3584 quae
532 3512 636 3572 estin
660 3513 743 3571 dicto
769 3508 968 3574 Gamalt'elt'e
993 3509 1076 3595 (Aet.
1102 3513 1130 3582 5,
1156 3511 1195 3571 38
1220 3507 1293 3592 sq.):
1319 3505 1416 3588 Quod
1438 3525 1484 3568 ea·

245 3605 305 3671 deo
327 3615 387 3689 ert,
411 3632 477 3676 non
498 3609 701 3677 dissolvetur.
746 3617 784 3676 Et
807 3616 888 3676 addo
921 3616 1066 3676 assiduas
1090 3615 1308 3691 precationes,
1342 3620 1379 3674 ut
1401 3612 1483 3673 deus
1552 3621 1553 3628 ’

245 3730 296 3774 res
319 3719 516 3780 necessarias
539 3720 788 3782 eeclesiaesaae
812 3725 979 3782 secretae
1002 3719 1151 3780 defendat
1163 3714 1371 3778 ministerium
1387 3733 1483 3777 evan

245 3819 324 3893 gelli
349 3837 456 3882 vertum
481 3825 512 3883 el
535 3824 599 3902 ipsi
623 3826 761 3900 placens.
804 3824 838 3884 si
862 3841 910 3887 ure
935 3824 967 3885 in
991 3822 1061 3883 acie
1084 3819 1238 3900 proeliari
1259 3818 1483 3886 necesseerit‚
1551 3885 1552 3900 ἶ

246 3938 305 3980 nec
328 3923 373 3984 ibi
396 3925 490 3987 deero
515 3927 634 3993 olfieio.
677 3929 742 3990 Etsi
778 3925 861 3988 enim
896 3927 993 3988 nrulta
1015 3925 1199 3987 acciderunt
1231 3923 1281 3986 his
1314 3925 1355 3984 20
1378 3922 1484 3992 annis,

248 4040 329 4099 uuae
352 4029 479 4100 nollem,
514 4036 549 4090 ut
570 4029 693 4107 aliquid
715 4029 854 4106 contagii
878 4029 976 4091 etiam
997 4030 1092 4090 bonis
1115 4031 1209 4091 rebus
1245 4027 1388 4104 aspergit
1426 4029 1482 4087 hu-

246 4145 336 4190 mana
357 4130 567 4204 imbecillitas,
591 4139 693 4194 tamen
716 4151 798 4194 nrrnc
821 4136 932 4194 hostes
967 4135 1027 4194 non
1051 4131 1172 4192 mederi
1206 4127 1345 4208 publicis
1380 4131 1483 4198 malis,

247 4231 302 4290 sed
326 4233 435 4295 delere
460 4238 625 4298 veritatem
650 4245 681 4298 et
704 4236 848 4298 stabilire
873 4237 960 4298 idola
984 4242 1142 4297 conantur.
1188 4232 1381 4312 Erit'igitur
1403 4233 1484 4292 dens

246 4333 343 4400 iudex
366 4339 475 4401 trorum
499 4341 714 4412 certaminum,
739 4339 862 4401 etiamsi
887 4340 1009 4416 aliquid
1031 4340 1103 4401 duri
1135 4335 1318 4414 patiendum
1342 4343 1392 4396 est
1426 4336 1484 4396 ali·

216 4431 370 4512 'utribus
415 4438 649 4522 thnicnnque
674 4445 735 4505 erit
758 4441 875 4513 exitus,
914 4441 983 4504 scio
1009 4437 1164 4508 Gerulum
1199 4441 1333 4501 labularn
1367 4439 1482 4514 imper-

223 4539 359 4604 'tectum
382 4538 563 4606 relicturum
588 4563 671 4616 esse,
696 4563 787 4622 quiem
816 4547 941 4622 arrident
967 4545 1096 4607 mirarer
1119 4539 1229 4652 adduci
1257 4543 1421 4620 poluisse,
1453 4547 1484 4600 ut

248 4650 308 4708 noo
330 4651 446 4709 bellurn
470 4657 626 4721 moveret,
651 4651 713 4711 nisi
738 4651 979 4710 corruersionern
1004 4649 1129 4709 lutulena
1154 4644 1261 4708 rerit'rn¹
1279 4641 1483 4708 hatrnanarum

250 4759 369 4820 instare
392 4754 566 4819 arbitrarer.
612 4757 657 4814 Tu
677 4755 767 4813 deum
791 4754 973 4815 ardentibus
998 4755 1081 4814 votis
1105 4759 1206 4823 orato,
1228 4758 1263 4812 ut
1286 4752 1340 4812 det
1364 4749 1481 4812 exitum
