<?xml version="1.0" encoding="UTF-8"?>
<!DOCTYPE html PUBLIC "-//W3C//DTD XHTML 1.0 Transitional//EN"
    "http://www.w3.org/TR/xhtml1/DTD/xhtml1-transitional.dtd">
<html xmlns="http://www.w3.org/1999/xhtml" xml:lang="en" lang="en">
 <head>
  <title>
</title>
<meta http-equiv="Content-Type" content="text/html;charset=utf-8" />
  <meta name='ocr-system' content='tesseract 3.04.00' />
  <meta name='ocr-capabilities' content='ocr_page ocr_carea ocr_par ocr_line ocrx_word'/>
</head>
<body>
  <div class='ocr_page' id='page_1' title='image "./philippimelanch01melagoog_0168.png"; bbox 0 0 3084 5208; ppageno 0'>
   <div class='ocr_carea' id='block_1_1' title="bbox 483 283 1329 358">
    <p class='ocr_par' dir='ltr' id='par_1_1' title="bbox 483 283 1329 358">
     <span class='ocr_line' id='line_1_1' title="bbox 483 283 1329 358; baseline 0.006 -7"><span class='ocrx_word' id='word_1_1' title='bbox 483 297 928 356; x_wconf 59' lang='lat' dir='ltr'>mmmmmmm.</span> <span class='ocrx_word' id='word_1_2' title='bbox 1269 283 1329 358; x_wconf 69' lang='lat' dir='ltr'>ifl</span> 
     </span>
    </p>
   </div>
   <div class='ocr_carea' id='block_1_2' title="bbox 193 451 1326 610">
    <p class='ocr_par' dir='ltr' id='par_1_2' title="bbox 193 451 1326 610">
     <span class='ocr_line' id='line_1_2' title="bbox 194 451 1326 526; baseline 0 -22"><span class='ocrx_word' id='word_1_3' title='bbox 194 453 264 506; x_wconf 71' lang='lat' dir='ltr'>ledi.</span> <span class='ocrx_word' id='word_1_4' title='bbox 286 471 314 522; x_wconf 88' lang='lat' dir='ltr'>p.</span> <span class='ocrx_word' id='word_1_5' title='bbox 329 457 499 511; x_wconf 62' lang='lat' dir='ltr'>dol-dte:</span> <span class='ocrx_word' id='word_1_6' title='bbox 519 456 577 506; x_wconf 86' lang='lat' dir='ltr'>Vll.</span> <span class='ocrx_word' id='word_1_7' title='bbox 597 452 710 526; x_wconf 64' lang='lat' dir='ltr'>erema</span> <span class='ocrx_word' id='word_1_8' title='bbox 727 453 784 518; x_wconf 72' lang='lat' dir='ltr'>norb</span> <span class='ocrx_word' id='word_1_9' title='bbox 802 452 866 522; x_wconf 74' lang='lat' dir='ltr'>uidi</span> <span class='ocrx_word' id='word_1_10' title='bbox 883 453 1002 524; x_wconf 70' lang='lat' dir='ltr'>pentadio</span> <span class='ocrx_word' id='word_1_11' title='bbox 1021 451 1109 519; x_wconf 65' lang='lat' dir='ltr'>liciole</span> <span class='ocrx_word' id='word_1_12' title='bbox 1127 451 1246 522; x_wconf 61' lang='lat' dir='ltr'>dutiae,</span> <span class='ocrx_word' id='word_1_13' title='bbox 1265 452 1326 512; x_wconf 64' lang='lat' dir='ltr'>tite,</span> 
     </span>
     <span class='ocr_line' id='line_1_3' title="bbox 193 537 1009 610; baseline 0 -19"><span class='ocrx_word' id='word_1_14' title='bbox 193 537 311 606; x_wconf 67' lang='lat' dir='ltr'>lautiora</span> <span class='ocrx_word' id='word_1_15' title='bbox 330 543 380 596; x_wconf 72' lang='lat' dir='ltr'>tuti</span> <span class='ocrx_word' id='word_1_16' title='bbox 399 539 493 610; x_wconf 74' lang='lat' dir='ltr'>einiger</span> <span class='ocrx_word' id='word_1_17' title='bbox 510 537 697 610; x_wconf 73' lang='lat' dir='ltr'>sseltpmoiiat,</span> <span class='ocrx_word' id='word_1_18' title='bbox 717 557 744 609; x_wconf 90' lang='lat' dir='ltr'>p.</span> <span class='ocrx_word' id='word_1_19' title='bbox 760 541 819 593; x_wconf 79' lang='lat'><strong>022.</strong></span> <span class='ocrx_word' id='word_1_20' title='bbox 840 541 923 606; x_wconf 77' lang='lat' dir='ltr'>epist.</span> <span class='ocrx_word' id='word_1_21' title='bbox 937 541 1009 591; x_wconf 89' lang='lat' dir='ltr'>Vlll.</span> 
     </span>
    </p>
   </div>
   <div class='ocr_carea' id='block_1_3' title="bbox 108 650 1328 828">
    <p class='ocr_par' dir='ltr' id='par_1_3' title="bbox 108 650 1328 828">
     <span class='ocr_line' id='line_1_4' title="bbox 108 650 1328 744; baseline 0.002 -24"><span class='ocrx_word' id='word_1_22' title='bbox 108 657 175 722; x_wconf 80' lang='lat' dir='ltr'>Viro</span> <span class='ocrx_word' id='word_1_23' title='bbox 195 667 316 744; x_wconf 78' lang='lat' dir='ltr'>optimo</span> <span class='ocrx_word' id='word_1_24' title='bbox 336 659 384 725; x_wconf 89' lang='lat' dir='ltr'>D.</span> <span class='ocrx_word' id='word_1_25' title='bbox 410 650 708 734; x_wconf 69' lang='lat' dir='ltr'>Iosto&#39;Mont&#39;o,</span> <span class='ocrx_word' id='word_1_26' title='bbox 742 654 880 724; x_wconf 75' lang='lat' dir='ltr'><em>Pastori</em></span> <span class='ocrx_word' id='word_1_27' title='bbox 905 657 1079 724; x_wconf 75' lang='lat' dir='ltr'><em>Ecclesiae</em></span> <span class='ocrx_word' id='word_1_28' title='bbox 1108 659 1328 735; x_wconf 77' lang='lat' dir='ltr'>Icenoceost&#39;s,</span> 
     </span>
     <span class='ocr_line' id='line_1_5' title="bbox 501 765 902 828; baseline 0 -2"><span class='ocrx_word' id='word_1_29' title='bbox 501 770 609 828; x_wconf 78' lang='lat' dir='ltr'>amieo</span> <span class='ocrx_word' id='word_1_30' title='bbox 637 783 695 826; x_wconf 79' lang='lat' dir='ltr'>ouo</span> <span class='ocrx_word' id='word_1_31' title='bbox 720 765 902 827; x_wconf 76' lang='lat' dir='ltr'>carissimo.</span> 
     </span>
    </p>
   </div>
   <div class='ocr_carea' id='block_1_4' title="bbox 24 884 1325 2504">
    <p class='ocr_par' dir='ltr' id='par_1_4' title="bbox 24 884 1325 2386">
     <span class='ocr_line' id='line_1_6' title="bbox 170 884 1325 964; baseline 0.002 -20"><span class='ocrx_word' id='word_1_32' title='bbox 170 885 198 944; x_wconf 91' lang='lat' dir='ltr'>S.</span> <span class='ocrx_word' id='word_1_33' title='bbox 221 887 257 946; x_wconf 91' lang='lat' dir='ltr'>D.</span> <span class='ocrx_word' id='word_1_34' title='bbox 291 886 355 948; x_wconf 87' lang='lat' dir='ltr'>Dei</span> <span class='ocrx_word' id='word_1_35' title='bbox 378 886 536 948; x_wconf 87' lang='lat' dir='ltr'>beneficio</span> <span class='ocrx_word' id='word_1_36' title='bbox 562 888 737 948; x_wconf 80' lang='lat' dir='ltr'>incolumes</span> <span class='ocrx_word' id='word_1_37' title='bbox 761 887 906 948; x_wconf 90' lang='lat' dir='ltr'>venimus</span> <span class='ocrx_word' id='word_1_38' title='bbox 925 886 1137 964; x_wconf 83' lang='lat' dir='ltr'>Vitebergam.</span> <span class='ocrx_word' id='word_1_39' title='bbox 1172 884 1325 947; x_wconf 76' lang='lat' dir='ltr'>Familiae</span> 
     </span>
     <span class='ocr_line' id='line_1_7' title="bbox 102 981 1325 1060; baseline 0.005 -18"><span class='ocrx_word' id='word_1_40' title='bbox 102 991 124 1044; x_wconf 85' lang='lat' dir='ltr'>at</span> <span class='ocrx_word' id='word_1_41' title='bbox 149 993 324 1050; x_wconf 85' lang='lat' dir='ltr'>nostrorum</span> <span class='ocrx_word' id='word_1_42' title='bbox 354 997 388 1050; x_wconf 92' lang='lat' dir='ltr'>et</span> <span class='ocrx_word' id='word_1_43' title='bbox 415 989 587 1060; x_wconf 84' lang='lat' dir='ltr'>amicorum</span> <span class='ocrx_word' id='word_1_44' title='bbox 623 996 712 1050; x_wconf 85' lang='lat' dir='ltr'>recte</span> <span class='ocrx_word' id='word_1_45' title='bbox 742 990 866 1058; x_wconf 87' lang='lat' dir='ltr'>valent,</span> <span class='ocrx_word' id='word_1_46' title='bbox 903 991 1022 1050; x_wconf 89' lang='lat' dir='ltr'>tantum</span> <span class='ocrx_word' id='word_1_47' title='bbox 1056 1005 1144 1050; x_wconf 90' lang='lat' dir='ltr'>meus</span> <span class='ocrx_word' id='word_1_48' title='bbox 1178 981 1325 1051; x_wconf 87' lang='lat' dir='ltr'>minister</span> 
     </span>
     <span class='ocr_line' id='line_1_8' title="bbox 24 1087 1324 1176; baseline 0.005 -30"><span class='ocrx_word' id='word_1_49' title='bbox 24 1149 27 1176; x_wconf 23' lang='lat' dir='ltr'><em>A</em></span> <span class='ocrx_word' id='word_1_50' title='bbox 100 1095 243 1164; x_wconf 80' lang='lat' dir='ltr'>aegrotat,</span> <span class='ocrx_word' id='word_1_51' title='bbox 277 1097 482 1168; x_wconf 88' lang='lat' dir='ltr'>consumptus</span> <span class='ocrx_word' id='word_1_52' title='bbox 512 1095 584 1156; x_wconf 71' lang='lat' dir='ltr'>taire</span> <span class='ocrx_word' id='word_1_53' title='bbox 607 1108 667 1156; x_wconf 90' lang='lat' dir='ltr'>seu</span> <span class='ocrx_word' id='word_1_54' title='bbox 697 1109 854 1154; x_wconf 80' lang='lat' dir='ltr'>ruerasma</span> <span class='ocrx_word' id='word_1_55' title='bbox 876 1097 911 1154; x_wconf 91' lang='lat' dir='ltr'>ut</span> <span class='ocrx_word' id='word_1_56' title='bbox 933 1089 1013 1150; x_wconf 82' lang='lat' dir='ltr'>milri</span> <span class='ocrx_word' id='word_1_57' title='bbox 1035 1090 1169 1150; x_wconf 87' lang='lat' dir='ltr'>videtur.</span> <span class='ocrx_word' id='word_1_58' title='bbox 1214 1087 1324 1152; x_wconf 82' lang='lat' dir='ltr'>Fran·</span> 
     </span>
     <span class='ocr_line' id='line_1_9' title="bbox 99 1193 1322 1272; baseline 0.005 -24"><span class='ocrx_word' id='word_1_59' title='bbox 99 1195 168 1254; x_wconf 78' lang='lat' dir='ltr'>cisco</span> <span class='ocrx_word' id='word_1_60' title='bbox 195 1212 256 1254; x_wconf 90' lang='lat' dir='ltr'>uon</span> <span class='ocrx_word' id='word_1_61' title='bbox 287 1194 398 1256; x_wconf 90' lang='lat' dir='ltr'>dubito</span> <span class='ocrx_word' id='word_1_62' title='bbox 428 1211 524 1257; x_wconf 86' lang='lat' dir='ltr'>curae</span> <span class='ocrx_word' id='word_1_63' title='bbox 552 1197 621 1256; x_wconf 85' lang='lat' dir='ltr'>iore</span> <span class='ocrx_word' id='word_1_64' title='bbox 644 1202 730 1256; x_wconf 90' lang='lat' dir='ltr'>tuum</span> <span class='ocrx_word' id='word_1_65' title='bbox 760 1194 941 1272; x_wconf 84' lang='lat' dir='ltr'>negotium,</span> <span class='ocrx_word' id='word_1_66' title='bbox 974 1193 1031 1253; x_wconf 89' lang='lat' dir='ltr'>sed</span> <span class='ocrx_word' id='word_1_67' title='bbox 1060 1199 1165 1256; x_wconf 84' lang='lat' dir='ltr'>tameo</span> <span class='ocrx_word' id='word_1_68' title='bbox 1188 1193 1228 1254; x_wconf 87' lang='lat' dir='ltr'>ad</span> <span class='ocrx_word' id='word_1_69' title='bbox 1252 1209 1322 1254; x_wconf 90' lang='lat' dir='ltr'>eum</span> 
     </span>
     <span class='ocr_line' id='line_1_10' title="bbox 99 1291 1322 1374; baseline 0.002 -23"><span class='ocrx_word' id='word_1_70' title='bbox 99 1293 215 1368; x_wconf 79' lang='lat' dir='ltr'>scripsi,</span> <span class='ocrx_word' id='word_1_71' title='bbox 245 1291 433 1360; x_wconf 78' lang='grc' dir='ltr'><strong><em>τὸδίκαιον</em></strong></span> <span class='ocrx_word' id='word_1_72' title='bbox 461 1297 625 1374; x_wconf 83' lang='lat' dir='ltr'>flagitans,</span> <span class='ocrx_word' id='word_1_73' title='bbox 660 1304 693 1356; x_wconf 93' lang='lat' dir='ltr'>ut</span> <span class='ocrx_word' id='word_1_74' title='bbox 723 1297 863 1358; x_wconf 88' lang='lat' dir='ltr'>laborum</span> <span class='ocrx_word' id='word_1_75' title='bbox 895 1300 1019 1356; x_wconf 89' lang='lat' dir='ltr'>tuorum</span> <span class='ocrx_word' id='word_1_76' title='bbox 1051 1293 1322 1355; x_wconf 88' lang='lat' dir='ltr'>sanctissimorum</span> 
     </span>
     <span class='ocr_line' id='line_1_11' title="bbox 97 1395 1319 1476; baseline 0.004 -23"><span class='ocrx_word' id='word_1_77' title='bbox 97 1395 164 1456; x_wconf 76' lang='lat' dir='ltr'>ratio</span> <span class='ocrx_word' id='word_1_78' title='bbox 185 1397 348 1460; x_wconf 85' lang='lat' dir='ltr'>habeatur.</span> <span class='ocrx_word' id='word_1_79' title='bbox 394 1398 498 1460; x_wconf 85' lang='lat' dir='ltr'>Velim</span> <span class='ocrx_word' id='word_1_80' title='bbox 521 1406 554 1460; x_wconf 91' lang='lat' dir='ltr'>te</span> <span class='ocrx_word' id='word_1_81' title='bbox 577 1399 654 1459; x_wconf 88' lang='lat' dir='ltr'>mihi</span> <span class='ocrx_word' id='word_1_82' title='bbox 684 1397 886 1476; x_wconf 77' lang='lat' dir='ltr'>siguificare,</span> <span class='ocrx_word' id='word_1_83' title='bbox 918 1395 991 1474; x_wconf 84' lang='lat' dir='ltr'>quid</span> <span class='ocrx_word' id='word_1_84' title='bbox 1024 1395 1216 1470; x_wconf 85' lang='lat' dir='ltr'>respoudeat</span> <span class='ocrx_word' id='word_1_85' title='bbox 1239 1398 1319 1458; x_wconf 79' lang='lat' dir='ltr'>aula</span> 
     </span>
     <span class='ocr_line' id='line_1_12' title="bbox 96 1497 1319 1579; baseline 0.003 -25"><span class='ocrx_word' id='word_1_86' title='bbox 96 1497 161 1556; x_wconf 85' lang='lat' dir='ltr'>Nam</span> <span class='ocrx_word' id='word_1_87' title='bbox 181 1497 209 1558; x_wconf 87' lang='lat' dir='ltr'>si</span> <span class='ocrx_word' id='word_1_88' title='bbox 231 1518 315 1576; x_wconf 91' lang='lat' dir='ltr'>opus</span> <span class='ocrx_word' id='word_1_89' title='bbox 338 1501 416 1572; x_wconf 85' lang='lat' dir='ltr'>erit,</span> <span class='ocrx_word' id='word_1_90' title='bbox 439 1517 543 1562; x_wconf 88' lang='lat' dir='ltr'>coram</span> <span class='ocrx_word' id='word_1_91' title='bbox 566 1518 618 1563; x_wconf 87' lang='lat' dir='ltr'>res</span> <span class='ocrx_word' id='word_1_92' title='bbox 643 1501 766 1579; x_wconf 83' lang='lat' dir='ltr'>agenda</span> <span class='ocrx_word' id='word_1_93' title='bbox 791 1501 868 1572; x_wconf 89' lang='lat' dir='ltr'>erit,</span> <span class='ocrx_word' id='word_1_94' title='bbox 892 1518 961 1562; x_wconf 90' lang='lat' dir='ltr'>cum</span> <span class='ocrx_word' id='word_1_95' title='bbox 987 1501 1048 1559; x_wconf 90' lang='lat' dir='ltr'>iter</span> <span class='ocrx_word' id='word_1_96' title='bbox 1073 1499 1111 1559; x_wconf 84' lang='lat' dir='ltr'>ad</span> <span class='ocrx_word' id='word_1_97' title='bbox 1132 1506 1319 1560; x_wconf 88' lang='lat' dir='ltr'>conventum</span> 
     </span>
     <span class='ocr_line' id='line_1_13' title="bbox 95 1600 1318 1682; baseline 0.004 -25"><span class='ocrx_word' id='word_1_98' title='bbox 95 1600 243 1664; x_wconf 84' lang='lat' dir='ltr'>iaciamus.</span> <span class='ocrx_word' id='word_1_99' title='bbox 289 1603 379 1665; x_wconf 88' lang='lat' dir='ltr'>Mitto</span> <span class='ocrx_word' id='word_1_100' title='bbox 402 1603 462 1665; x_wconf 90' lang='lat' dir='ltr'>tibi</span> <span class='ocrx_word' id='word_1_101' title='bbox 484 1603 649 1680; x_wconf 85' lang='lat' dir='ltr'>proximae</span> <span class='ocrx_word' id='word_1_102' title='bbox 671 1603 900 1682; x_wconf 86' lang='lat' dir='ltr'>disputationis</span> <span class='ocrx_word' id='word_1_103' title='bbox 919 1603 1169 1664; x_wconf 82' lang='lat' dir='ltr'>wormaciensis</span> <span class='ocrx_word' id='word_1_104' title='bbox 1193 1609 1318 1662; x_wconf 88' lang='lat' dir='ltr'>senten-</span> 
     </span>
     <span class='ocr_line' id='line_1_14' title="bbox 95 1703 1318 1784; baseline 0.002 -23"><span class='ocrx_word' id='word_1_105' title='bbox 95 1703 145 1762; x_wconf 86' lang='lat' dir='ltr'>tias</span> <span class='ocrx_word' id='word_1_106' title='bbox 167 1711 198 1763; x_wconf 87' lang='lat' dir='ltr'>et</span> <span class='ocrx_word' id='word_1_107' title='bbox 219 1705 273 1765; x_wconf 86' lang='lat' dir='ltr'>hio</span> <span class='ocrx_word' id='word_1_108' title='bbox 293 1706 450 1784; x_wconf 75' lang='lat' dir='ltr'>agitatas,</span> <span class='ocrx_word' id='word_1_109' title='bbox 478 1708 624 1784; x_wconf 82' lang='lat' dir='ltr'>proiecto</span> <span class='ocrx_word' id='word_1_110' title='bbox 655 1708 811 1768; x_wconf 77' lang='lat' dir='ltr'>eruditius</span> <span class='ocrx_word' id='word_1_111' title='bbox 842 1721 934 1783; x_wconf 85' lang='lat' dir='ltr'>quam</span> <span class='ocrx_word' id='word_1_112' title='bbox 967 1706 1040 1766; x_wconf 88' lang='lat' dir='ltr'>istic</span> <span class='ocrx_word' id='word_1_113' title='bbox 1070 1705 1318 1781; x_wconf 72' lang='lat' dir='ltr'>explicabantur.</span> 
     </span>
     <span class='ocr_line' id='line_1_15' title="bbox 94 1804 1319 1871; baseline 0.003 -9"><span class='ocrx_word' id='word_1_114' title='bbox 94 1804 196 1865; x_wconf 78' lang='lat' dir='ltr'>Addidi</span> <span class='ocrx_word' id='word_1_115' title='bbox 226 1812 259 1866; x_wconf 88' lang='lat' dir='ltr'>et</span> <span class='ocrx_word' id='word_1_116' title='bbox 290 1809 516 1870; x_wconf 86' lang='lat' dir='ltr'>oratiunculam</span> <span class='ocrx_word' id='word_1_117' title='bbox 547 1807 588 1870; x_wconf 91' lang='lat' dir='ltr'>de</span> <span class='ocrx_word' id='word_1_118' title='bbox 619 1811 803 1871; x_wconf 72' lang='lat' dir='ltr'>architectis</span> <span class='ocrx_word' id='word_1_119' title='bbox 833 1810 1019 1869; x_wconf 89' lang='lat' dir='ltr'>tricosarum</span> <span class='ocrx_word' id='word_1_120' title='bbox 1049 1806 1319 1868; x_wconf 75' lang='lat' dir='ltr'>conciliationem.</span> 
     </span>
     <span class='ocr_line' id='line_1_16' title="bbox 94 1902 1318 1990; baseline 0.005 -26"><span class='ocrx_word' id='word_1_121' title='bbox 94 1905 157 1966; x_wconf 86' lang='lat' dir='ltr'>Nom</span> <span class='ocrx_word' id='word_1_122' title='bbox 179 1916 346 1986; x_wconf 84' lang='lat' dir='ltr'>postquam</span> <span class='ocrx_word' id='word_1_123' title='bbox 370 1909 429 1973; x_wconf 89' lang='lat' dir='ltr'>hac</span> <span class='ocrx_word' id='word_1_124' title='bbox 453 1911 535 1974; x_wconf 86' lang='lat' dir='ltr'>redii</span> <span class='ocrx_word' id='word_1_125' title='bbox 545 1902 556 1983; x_wconf 76' lang='grc'>,’</span> <span class='ocrx_word' id='word_1_126' title='bbox 579 1914 731 1990; x_wconf 85' lang='lat' dir='ltr'>quaedam</span> <span class='ocrx_word' id='word_1_127' title='bbox 756 1913 875 1974; x_wconf 89' lang='lat' dir='ltr'>rescivi</span> <span class='ocrx_word' id='word_1_128' title='bbox 899 1912 938 1971; x_wconf 89' lang='lat' dir='ltr'>de</span> <span class='ocrx_word' id='word_1_129' title='bbox 960 1909 1158 1972; x_wconf 82' lang='lat' dir='ltr'>Alcibiadeis</span> <span class='ocrx_word' id='word_1_130' title='bbox 1183 1927 1318 1986; x_wconf 85' lang='lat' dir='ltr'>quorun-</span> 
     </span>
     <span class='ocr_line' id='line_1_17' title="bbox 92 2007 1318 2101; baseline 0.007 -35"><span class='ocrx_word' id='word_1_131' title='bbox 92 2007 152 2068; x_wconf 81' lang='lat' dir='ltr'>dam</span> <span class='ocrx_word' id='word_1_132' title='bbox 174 2011 336 2084; x_wconf 89' lang='lat' dir='ltr'>consiliis,</span> <span class='ocrx_word' id='word_1_133' title='bbox 361 2032 443 2091; x_wconf 86' lang='lat' dir='ltr'>quae</span> <span class='ocrx_word' id='word_1_134' title='bbox 465 2016 660 2078; x_wconf 86' lang='lat' dir='ltr'>Wormatiae</span> <span class='ocrx_word' id='word_1_135' title='bbox 674 2017 820 2101; x_wconf 26' lang='lat' dir='ltr'>&#39;noudum</span> <span class='ocrx_word' id='word_1_136' title='bbox 843 2033 960 2076; x_wconf 90' lang='lat' dir='ltr'>noram.</span> <span class='ocrx_word' id='word_1_137' title='bbox 1006 2015 1163 2076; x_wconf 87' lang='lat' dir='ltr'>Lutherus</span> <span class='ocrx_word' id='word_1_138' title='bbox 1188 2031 1318 2090; x_wconf 85' lang='lat' dir='ltr'>respon-</span> 
     </span>
     <span class='ocr_line' id='line_1_18' title="bbox 91 2111 1318 2206; baseline 0.004 -38"><span class='ocrx_word' id='word_1_139' title='bbox 91 2111 128 2170; x_wconf 88' lang='lat' dir='ltr'>dit</span> <span class='ocrx_word' id='word_1_140' title='bbox 150 2114 191 2198; x_wconf 78' lang='grc' dir='ltr'>τῷ</span> <span class='ocrx_word' id='word_1_141' title='bbox 213 2112 354 2201; x_wconf 77' lang='grc' dir='ltr'><em>τυράννῳ</em></span> <span class='ocrx_word' id='word_1_142' title='bbox 376 2117 611 2180; x_wconf 86' lang='lat' dir='ltr'>Bruusuicensi.</span> <span class='ocrx_word' id='word_1_143' title='bbox 646 2119 680 2180; x_wconf 85' lang='lat' dir='ltr'>si</span> <span class='ocrx_word' id='word_1_144' title='bbox 704 2120 889 2206; x_wconf 83' lang='lat' dir='ltr'>proficiscor</span> <span class='ocrx_word' id='word_1_145' title='bbox 904 2118 943 2180; x_wconf 85' lang='lat' dir='ltr'>ad</span> <span class='ocrx_word' id='word_1_146' title='bbox 959 2123 1160 2184; x_wconf 87' lang='lat' dir='ltr'>conventum,</span> <span class='ocrx_word' id='word_1_147' title='bbox 1183 2114 1318 2176; x_wconf 85' lang='lat' dir='ltr'>habebis</span> 
     </span>
     <span class='ocr_line' id='line_1_19' title="bbox 75 2217 1316 2297; baseline 0.005 -26"><span class='ocrx_word' id='word_1_148' title='bbox 75 2231 105 2271; x_wconf 81' lang='lat' dir='ltr'>a</span> <span class='ocrx_word' id='word_1_149' title='bbox 123 2232 171 2274; x_wconf 89' lang='lat' dir='ltr'>me</span> <span class='ocrx_word' id='word_1_150' title='bbox 193 2217 312 2279; x_wconf 86' lang='lat' dir='ltr'>literas.</span> <span class='ocrx_word' id='word_1_151' title='bbox 357 2221 466 2281; x_wconf 87' lang='lat' dir='ltr'>Totam</span> <span class='ocrx_word' id='word_1_152' title='bbox 495 2219 753 2297; x_wconf 87' lang='lat' dir='ltr'>Disputatiouem</span> <span class='ocrx_word' id='word_1_153' title='bbox 777 2219 1048 2281; x_wconf 86' lang='lat' dir='ltr'>Wormooieusem</span> <span class='ocrx_word' id='word_1_154' title='bbox 1077 2218 1217 2294; x_wconf 86' lang='lat' dir='ltr'>Principi</span> <span class='ocrx_word' id='word_1_155' title='bbox 1247 2234 1316 2294; x_wconf 85' lang='lat' dir='ltr'>ger-</span> 
     </span>
     <span class='ocr_line' id='line_1_20' title="bbox 91 2317 980 2386; baseline 0.009 -13"><span class='ocrx_word' id='word_1_156' title='bbox 91 2317 202 2377; x_wconf 88' lang='lat' dir='ltr'>manice</span> <span class='ocrx_word' id='word_1_157' title='bbox 227 2322 388 2382; x_wconf 87' lang='lat' dir='ltr'>vertimus.</span> <span class='ocrx_word' id='word_1_158' title='bbox 433 2322 518 2382; x_wconf 88' lang='lat' dir='ltr'>Bene</span> <span class='ocrx_word' id='word_1_159' title='bbox 542 2323 623 2385; x_wconf 85' lang='lat' dir='ltr'>vale.</span> <span class='ocrx_word' id='word_1_160' title='bbox 670 2325 733 2386; x_wconf 85' lang='lat' dir='ltr'>Col.</span> <span class='ocrx_word' id='word_1_161' title='bbox 759 2323 864 2386; x_wconf 85' lang='lat' dir='ltr'>Martii</span> <span class='ocrx_word' id='word_1_162' title='bbox 891 2321 980 2384; x_wconf 78' lang='lat'>1541.</span> 
     </span>
    </p>

    <p class='ocr_par' dir='ltr' id='par_1_5' title="bbox 651 2419 1306 2504">
     <span class='ocr_line' id='line_1_21' title="bbox 651 2419 1306 2504; baseline -0.008 -17"><span class='ocrx_word' id='word_1_163' title='bbox 651 2419 653 2426; x_wconf 44' lang='lat'>‘</span> <span class='ocrx_word' id='word_1_164' title='bbox 786 2425 953 2504; x_wconf 87' lang='lat' dir='ltr'>Philippus</span> <span class='ocrx_word' id='word_1_165' title='bbox 976 2423 1186 2486; x_wconf 84' lang='lat' dir='ltr'>Melanchtou.</span> <span class='ocrx_word' id='word_1_166' title='bbox 1303 2430 1306 2444; x_wconf 95' lang='lat'>&#39;</span> 
     </span>
    </p>
   </div>
   <div class='ocr_carea' id='block_1_5' title="bbox 87 2674 1316 2796">
    <p class='ocr_par' dir='ltr' id='par_1_6' title="bbox 87 2674 1316 2796">
     <span class='ocr_line' id='line_1_22' title="bbox 87 2674 1316 2796; baseline 0.019 -64"><span class='ocrx_word' id='word_1_167' title='bbox 87 2674 151 2734; x_wconf 79' lang='lat' dir='ltr'>toa.</span> <span class='ocrx_word' id='word_1_168' title='bbox 181 2676 364 2738; x_wconf 68' lang='lat' dir='ltr'>marom.</span> <span class='ocrx_word' id='word_1_169' title='bbox 409 2680 485 2763; x_wconf 79' lang='lat' dir='ltr'>(vor.</span> <span class='ocrx_word' id='word_1_170' title='bbox 501 2685 552 2744; x_wconf 79' lang='lat' dir='ltr'>1v.</span> <span class='ocrx_word' id='word_1_171' title='bbox 575 2703 604 2759; x_wconf 78' lang='lat' dir='ltr'>p.</span> <span class='ocrx_word' id='word_1_172' title='bbox 624 2682 709 2762; x_wconf 77' lang='lat'>134.)</span> <span class='ocrx_word' id='word_1_173' title='bbox 1101 2716 1106 2729; x_wconf 52' lang='grc' dir='ltr'><em>ι</em></span> <span class='ocrx_word' id='word_1_174' title='bbox 1169 2681 1316 2796; x_wconf 56' lang='lat' dir='ltr'>lffls</span> 
     </span>
    </p>
   </div>
   <div class='ocr_carea' id='block_1_6' title="bbox 181 2762 353 2791">
    <p class='ocr_par' dir='ltr' id='par_1_7' title="bbox 181 2762 353 2791">
     <span class='ocr_line' id='line_1_23' title="bbox 181 2762 353 2791; baseline 0.017 -3"><span class='ocrx_word' id='word_1_175' title='bbox 181 2762 353 2791; x_wconf 50' lang='lat' dir='ltr'>M</span> 
     </span>
    </p>
   </div>
   <div class='ocr_carea' id='block_1_7' title="bbox 146 2836 1313 3044">
    <p class='ocr_par' dir='ltr' id='par_1_8' title="bbox 146 2836 1313 3044">
     <span class='ocr_line' id='line_1_24' title="bbox 374 2836 1313 2937; baseline 0.006 -29"><span class='ocrx_word' id='word_1_176' title='bbox 374 2836 563 2910; x_wconf 72' lang='lat' dir='ltr'>matteras</span> <span class='ocrx_word' id='word_1_177' title='bbox 592 2839 643 2910; x_wconf 83' lang='lat' dir='ltr'>ad</span> <span class='ocrx_word' id='word_1_178' title='bbox 669 2839 1014 2913; x_wconf 81' lang='lat' dir='ltr'>Melaoohtltonem.</span> <span class='ocrx_word' id='word_1_179' title='bbox 1310 2928 1313 2937; x_wconf 35' lang='lat'>‚</span> 
     </span>
     <span class='ocr_line' id='line_1_25' title="bbox 146 2968 1295 3044; baseline 0.006 -27"><span class='ocrx_word' id='word_1_180' title='bbox 146 2968 213 3019; x_wconf 88' lang='lat' dir='ltr'>Vide</span> <span class='ocrx_word' id='word_1_181' title='bbox 233 2971 260 3020; x_wconf 89' lang='lat' dir='ltr'>in</span> <span class='ocrx_word' id='word_1_182' title='bbox 279 2969 391 3022; x_wconf 85' lang='lat' dir='ltr'>Lutheri</span> <span class='ocrx_word' id='word_1_183' title='bbox 411 2971 537 3038; x_wconf 76' lang='lat' dir='ltr'>epistolia</span> <span class='ocrx_word' id='word_1_184' title='bbox 557 2973 599 3024; x_wconf 92' lang='lat' dir='ltr'>ed.</span> <span class='ocrx_word' id='word_1_185' title='bbox 619 2973 653 3024; x_wconf 86' lang='lat' dir='ltr'>do</span> <span class='ocrx_word' id='word_1_186' title='bbox 671 2973 764 3025; x_wconf 83' lang='lat' dir='ltr'>Wetie</span> <span class='ocrx_word' id='word_1_187' title='bbox 785 2974 860 3026; x_wconf 88' lang='lat' dir='ltr'>Tom.</span> <span class='ocrx_word' id='word_1_188' title='bbox 875 2976 909 3026; x_wconf 88' lang='lat' dir='ltr'>V.</span> <span class='ocrx_word' id='word_1_189' title='bbox 934 2992 963 3044; x_wconf 91' lang='lat' dir='ltr'>p.</span> <span class='ocrx_word' id='word_1_190' title='bbox 979 2976 1135 3028; x_wconf 75' lang='lat' dir='ltr'>eut-334.</span> <span class='ocrx_word' id='word_1_191' title='bbox 1155 2971 1203 3025; x_wconf 90' lang='lat' dir='ltr'>No.</span> <span class='ocrx_word' id='word_1_192' title='bbox 1221 2973 1295 3026; x_wconf 79' lang='lat'>1971.</span> 
     </span>
    </p>
   </div>
   <div class='ocr_carea' id='block_1_8' title="bbox 86 3167 1310 3270">
    <p class='ocr_par' dir='ltr' id='par_1_9' title="bbox 86 3167 1310 3270">
     <span class='ocr_line' id='line_1_26' title="bbox 86 3167 1310 3270; baseline 0.014 -47"><span class='ocrx_word' id='word_1_193' title='bbox 86 3167 147 3226; x_wconf 83' lang='lat'><strong>210.</strong></span> <span class='ocrx_word' id='word_1_194' title='bbox 179 3177 233 3234; x_wconf 84' lang='lat' dir='ltr'>No.</span> <span class='ocrx_word' id='word_1_195' title='bbox 247 3175 360 3236; x_wconf 68' lang='lat' dir='ltr'>2175t</span> <span class='ocrx_word' id='word_1_196' title='bbox 406 3174 483 3262; x_wconf 85' lang='lat' dir='ltr'>(vot.</span> <span class='ocrx_word' id='word_1_197' title='bbox 498 3181 550 3237; x_wconf 87' lang='lat' dir='ltr'>lv.</span> <span class='ocrx_word' id='word_1_198' title='bbox 570 3201 599 3256; x_wconf 91' lang='lat' dir='ltr'>p.</span> <span class='ocrx_word' id='word_1_199' title='bbox 618 3177 702 3262; x_wconf 74' lang='lat'>147.)</span> <span class='ocrx_word' id='word_1_200' title='bbox 1071 3177 1152 3261; x_wconf 82' lang='lat' dir='ltr'>(aute</span> <span class='ocrx_word' id='word_1_201' title='bbox 1166 3181 1194 3240; x_wconf 79' lang='grc'>4.</span> <span class='ocrx_word' id='word_1_202' title='bbox 1208 3183 1310 3270; x_wconf 80' lang='lat' dir='ltr'>April.)</span> 
     </span>
    </p>
   </div>
   <div class='ocr_carea' id='block_1_9' title="bbox 186 3255 1290 3410">
    <p class='ocr_par' dir='ltr' id='par_1_10' title="bbox 186 3255 1290 3410">
     <span class='ocr_line' id='line_1_27' title="bbox 186 3255 1290 3292; baseline 0.002 -2"><span class='ocrx_word' id='word_1_203' title='bbox 186 3255 351 3290; x_wconf 52' lang='lat' dir='ltr'>w„</span> <span class='ocrx_word' id='word_1_204' title='bbox 1094 3264 1290 3292; x_wconf 59' lang='grc' dir='ltr'><strong><em>Μ</em></strong></span> 
     </span>
     <span class='ocr_line' id='line_1_28' title="bbox 503 3336 881 3410; baseline 0.011 -4"><span class='ocrx_word' id='word_1_205' title='bbox 503 3336 607 3408; x_wconf 82' lang='lat' dir='ltr'>Idem</span> <span class='ocrx_word' id='word_1_206' title='bbox 633 3336 685 3408; x_wconf 80' lang='lat' dir='ltr'>ad</span> <span class='ocrx_word' id='word_1_207' title='bbox 712 3336 881 3410; x_wconf 82' lang='lat' dir='ltr'>eundem.</span> 
     </span>
    </p>
   </div>
   <div class='ocr_carea' id='block_1_10' title="bbox 142 3468 801 3540">
    <p class='ocr_par' dir='ltr' id='par_1_11' title="bbox 142 3468 801 3540">
     <span class='ocr_line' id='line_1_29' title="bbox 142 3468 801 3540; baseline 0.011 -21"><span class='ocrx_word' id='word_1_208' title='bbox 142 3468 209 3521; x_wconf 88' lang='lat' dir='ltr'>Vide</span> <span class='ocrx_word' id='word_1_209' title='bbox 227 3469 331 3521; x_wconf 87' lang='lat' dir='ltr'>ibidem</span> <span class='ocrx_word' id='word_1_210' title='bbox 350 3469 427 3524; x_wconf 81' lang='lat' dir='ltr'>Tam.</span> <span class='ocrx_word' id='word_1_211' title='bbox 440 3471 473 3522; x_wconf 90' lang='lat' dir='ltr'>V.</span> <span class='ocrx_word' id='word_1_212' title='bbox 495 3488 521 3540; x_wconf 89' lang='lat' dir='ltr'>p.</span> <span class='ocrx_word' id='word_1_213' title='bbox 537 3473 588 3526; x_wconf 78' lang='lat'>336</span> <span class='ocrx_word' id='word_1_214' title='bbox 599 3488 642 3536; x_wconf 79' lang='lat' dir='ltr'>eq.</span> <span class='ocrx_word' id='word_1_215' title='bbox 661 3470 710 3524; x_wconf 89' lang='lat' dir='ltr'>No.</span> <span class='ocrx_word' id='word_1_216' title='bbox 726 3472 801 3526; x_wconf 73' lang='lat' dir='ltr'>tart.</span> 
     </span>
    </p>
   </div>
   <div class='ocr_carea' id='block_1_11' title="bbox 84 3688 1309 3812">
    <p class='ocr_par' dir='ltr' id='par_1_12' title="bbox 84 3675 1309 3812">
     <span class='ocr_line' id='line_1_30' title="bbox 84 3688 1309 3812; baseline 0.007 -67"><span class='ocrx_word' id='word_1_217' title='bbox 84 3688 146 3750; x_wconf 87' lang='lat' dir='ltr'>ttt.</span> <span class='ocrx_word' id='word_1_218' title='bbox 174 3690 360 3804; x_wconf 58' lang='lat' dir='ltr'>Q.</span> <span class='ocrx_word' id='word_1_219' title='bbox 405 3691 551 3778; x_wconf 85' lang='lat' dir='ltr'>(v01.1v.</span> <span class='ocrx_word' id='word_1_220' title='bbox 574 3695 704 3780; x_wconf 69' lang='lat' dir='ltr'>prm.)</span> <span class='ocrx_word' id='word_1_221' title='bbox 1089 3742 1119 3776; x_wconf 20' lang='lat' dir='ltr'>f.</span> <span class='ocrx_word' id='word_1_222' title='bbox 1181 3699 1309 3812; x_wconf 56' lang='lat' dir='ltr'>Q</span> 
     </span>
    </p>
   </div>
   <div class='ocr_carea' id='block_1_12' title="bbox 143 3852 975 4052">
    <p class='ocr_par' dir='ltr' id='par_1_13' title="bbox 143 3852 975 4052">
     <span class='ocr_line' id='line_1_31' title="bbox 505 3852 975 3927; baseline 0.009 -5"><span class='ocrx_word' id='word_1_223' title='bbox 505 3852 611 3924; x_wconf 79' lang='lat' dir='ltr'>Idem</span> <span class='ocrx_word' id='word_1_224' title='bbox 638 3853 688 3924; x_wconf 87' lang='lat' dir='ltr'>ad</span> <span class='ocrx_word' id='word_1_225' title='bbox 715 3853 884 3927; x_wconf 73' lang='lat' dir='ltr'>eundem.</span> <span class='ocrx_word' id='word_1_226' title='bbox 961 3863 975 3874; x_wconf 85' lang='grc'>“’</span> 
     </span>
     <span class='ocr_line' id='line_1_32' title="bbox 143 3948 805 4052; baseline 0.014 -23"><span class='ocrx_word' id='word_1_227' title='bbox 143 3979 208 4034; x_wconf 74' lang='lat' dir='ltr'>vtae</span> <span class='ocrx_word' id='word_1_228' title='bbox 223 3948 332 4035; x_wconf 73' lang='lat' dir='ltr'>&#39;turrem&#39;</span> <span class='ocrx_word' id='word_1_229' title='bbox 351 3982 426 4037; x_wconf 75' lang='lat' dir='ltr'>rom.</span> <span class='ocrx_word' id='word_1_230' title='bbox 441 3979 473 4034; x_wconf 84' lang='lat' dir='ltr'>v.</span> <span class='ocrx_word' id='word_1_231' title='bbox 493 4001 521 4052; x_wconf 77' lang='lat' dir='ltr'>p.</span> <span class='ocrx_word' id='word_1_232' title='bbox 536 3984 587 4038; x_wconf 74' lang='lat' dir='ltr'>aar</span> <span class='ocrx_word' id='word_1_233' title='bbox 601 4002 642 4050; x_wconf 74' lang='lat' dir='ltr'>sq.</span> <span class='ocrx_word' id='word_1_234' title='bbox 661 3984 711 4037; x_wconf 75' lang='lat' dir='ltr'>uo.</span> <span class='ocrx_word' id='word_1_235' title='bbox 729 3985 805 4038; x_wconf 76' lang='lat' dir='ltr'>roto.</span> 
     </span>
    </p>
   </div>
   <div class='ocr_carea' id='block_1_13' title="bbox 84 4181 707 4273">
    <p class='ocr_par' dir='ltr' id='par_1_14' title="bbox 84 4181 707 4273">
     <span class='ocr_line' id='line_1_33' title="bbox 84 4181 707 4273; baseline 0.019 -33"><span class='ocrx_word' id='word_1_236' title='bbox 84 4181 145 4248; x_wconf 76' lang='lat'><strong>212.</strong></span> <span class='ocrx_word' id='word_1_237' title='bbox 179 4185 358 4248; x_wconf 65' lang='lat' dir='ltr'>merset</span> <span class='ocrx_word' id='word_1_238' title='bbox 405 4185 482 4270; x_wconf 84' lang='lat' dir='ltr'>(vo.</span> <span class='ocrx_word' id='word_1_239' title='bbox 498 4194 551 4252; x_wconf 87' lang='lat' dir='ltr'>1v.</span> <span class='ocrx_word' id='word_1_240' title='bbox 575 4214 603 4268; x_wconf 74' lang='lat' dir='ltr'>p.</span> <span class='ocrx_word' id='word_1_241' title='bbox 623 4189 707 4273; x_wconf 81' lang='lat' dir='ltr'>roa.)</span> 
     </span>
    </p>
   </div>
   <div class='ocr_carea' id='block_1_14' title="bbox 143 4271 876 4547">
    <p class='ocr_par' dir='ltr' id='par_1_15' title="bbox 143 4271 876 4547">
     <span class='ocr_line' id='line_1_34' title="bbox 176 4271 344 4300; baseline 0.024 -2"><span class='ocrx_word' id='word_1_242' title='bbox 176 4271 344 4300; x_wconf 58' lang='grc' dir='ltr'>Μ</span> 
     </span>
     <span class='ocr_line' id='line_1_35' title="bbox 147 4332 876 4433; baseline 0.022 -23"><span class='ocrx_word' id='word_1_243' title='bbox 147 4332 150 4337; x_wconf 67' lang='grc'><strong>’</strong></span> <span class='ocrx_word' id='word_1_244' title='bbox 493 4348 598 4422; x_wconf 81' lang='lat' dir='ltr'>Idem</span> <span class='ocrx_word' id='word_1_245' title='bbox 624 4350 676 4422; x_wconf 83' lang='lat' dir='ltr'>od</span> <span class='ocrx_word' id='word_1_246' title='bbox 702 4349 876 4433; x_wconf 79' lang='lat' dir='ltr'>eundem..</span> 
     </span>
     <span class='ocr_line' id='line_1_36' title="bbox 143 4473 842 4547; baseline 0.023 -25"><span class='ocrx_word' id='word_1_247' title='bbox 143 4473 209 4528; x_wconf 87' lang='lat' dir='ltr'>Vide</span> <span class='ocrx_word' id='word_1_248' title='bbox 227 4477 330 4530; x_wconf 85' lang='lat' dir='ltr'>ibidem</span> <span class='ocrx_word' id='word_1_249' title='bbox 349 4478 468 4532; x_wconf 76' lang='lat' dir='ltr'>Tomll.</span> <span class='ocrx_word' id='word_1_250' title='bbox 488 4496 516 4547; x_wconf 91' lang='lat' dir='ltr'>p.</span> <span class='ocrx_word' id='word_1_251' title='bbox 527 4481 683 4536; x_wconf 76' lang='lat'><strong>341—343.</strong></span> <span class='ocrx_word' id='word_1_252' title='bbox 704 4481 753 4535; x_wconf 87' lang='lat' dir='ltr'>No.</span> <span class='ocrx_word' id='word_1_253' title='bbox 769 4483 842 4538; x_wconf 83' lang='lat'><strong>1977.</strong></span> 
     </span>
    </p>
   </div>
   <div class='ocr_carea' id='block_1_15' title="bbox 0 0 1546 5208">
    <p class='ocr_par' dir='ltr' id='par_1_16' title="bbox 0 0 1546 5208">
     <span class='ocr_line' id='line_1_37' title="bbox 0 0 1546 5208; baseline 0 11"><span class='ocrx_word' id='word_1_254' title='bbox 0 0 1546 5208; x_wconf 95' lang='lat' dir='ltr'> </span> 
     </span>
    </p>
   </div>
  </div>
 </body>
</html>
