3072 5208
450 373 697 429 smnusuunm
716 375 799 430 nuru
821 376 898 432 toro
1225 361 1293 434 889

78 531 199 600 stianae,
233 537 266 592 et
300 529 501 592 sedationem
534 537 689 598 tantarum
724 531 1026 602 contradictionum,
1065 541 1101 593 ut
1136 534 1291 595 resecatis

78 633 228 710 snporuuts
257 639 324 694 tota
347 629 465 692 Christi
488 631 635 693 Ecclesia
664 633 834 710 reducatur
862 634 902 692 ad
926 634 1141 711 cognitionem
1166 642 1197 694 et
1220 655 1292 712 pro-

76 737 249 811 palationem
270 737 418 796 veritatis
440 737 674 812 Evangelicao,
699 742 729 794 et
754 753 807 806 ca,
844 743 1021 813 quaesunt
1046 744 1187 798 extrema
1210 739 1292 798 inter

75 839 312 900 contradicentes
336 838 525 898 reducantur
549 837 587 898 ad
609 839 812 899 concordiam
827 839 1014 918 Evangelii,
1039 845 1070 898 et
1083 856 1177 899 verus
1193 839 1292 900 livan-

75 943 139 1020 gclii
161 942 291 1002 effectus
315 941 483 1004 reducatur
513 940 545 1002 in
570 942 691 1011 lucem,
724 949 756 1001 et
784 940 910 1004 bonitas
939 959 976 1002 ac
1007 941 1163 1019 perfectio
1192 943 1292 1003 Evan-

74 1043 140 1120 gelii
157 1029 325 1106 'efficiatur
354 1043 496 1116 notoria,
528 1051 560 1106 et
590 1045 735 1108 omnibus
766 1044 957 1106 Christianis
989 1044 1173 1115 rrranilesta,
1204 1052 1236 1104 et
1259 1046 1290 1105 in

73 1148 193 1208 laturum
216 1167 279 1210 non
302 1147 485 1208 detineatur
507 1145 539 1206 in
563 1145 770 1216 abscondito,
794 1147 852 1206 sed
876 1164 972 1224 super
993 1147 1235 1216 candelabrum,
1258 1154 1292 1206 ut

74 1252 201 1313 omnibus
223 1248 417 1312 Christianis
441 1249 544 1326 prosit
568 1257 599 1309 et
624 1251 738 1310 luceat.

127 1355 208 1416 llos
230 1371 326 1414 unum
349 1369 407 1430 per
431 1354 589 1413 Christum
613 1369 810 1414 communem
829 1353 1073 1430 Redemptorem
1099 1360 1239 1414 nostrum
1261 1360 1293 1413 te

74 1463 222 1518 exoratum
248 1457 361 1526 velim,
384 1463 418 1516 ut
442 1475 502 1516 non
527 1455 653 1517 mireris
669 1456 709 1516 de
726 1458 891 1534 praesenti
906 1459 1081 1534 scriptura,
1105 1456 1175 1516 sive
1190 1457 1295 1532 inepti

74 1561 214 1640 epistola,
238 1568 293 1622 aut
316 1559 457 1638 insipida
480 1561 653 1630 dictatura,
684 1577 767 1636 quae
798 1563 958 1637 processit
981 1580 1042 1624 uon
1065 1579 1085 1622 a
1108 1561 1202 1622 docta
1224 1574 1294 1637 per-

73 1682 155 1734 sona,
186 1680 269 1740 quae
299 1671 384 1724 caret
414 1661 643 1739 Philosophia,
677 1665 857 1742 theologia
881 1672 913 1725 et
936 1665 1070 1742 argutiis
1094 1662 1295 1740 sophisticis,

74 1768 120 1826 scd
139 1774 261 1830 tantum
284 1785 363 1844 pura
386 1768 590 1844 grammatica
615 1769 751 1837 imbuta,
783 1774 815 1828 et
845 1768 900 1844 qui
929 1769 960 1828 in
993 1770 1113 1829 forensi
1138 1764 1295 1829 exercitio

74 1877 98 1930 ct
118 1868 291 1948 clamosa¹l
314 1869 536 1939 aduocatione,
563 1871 632 1929 sive
657 1869 689 1930 in
712 1869 859 1932 dictando
884 1889 996 1932 causas
1020 1870 1051 1930 in
1076 1872 1144 1931 loro
1169 1877 1296 1931 conten-

72 1972 144 2034 tioso
176 1993 211 2035 se
235 1981 374 2038 exercet.
426 1973 501 2033 ldeo
532 1975 691 2048 incompte
721 1973 780 2035 has
811 1991 899 2037 meas
931 1973 1065 2052 scripsi,
1096 1975 1234 2036 confisus
1264 1975 1296 2034 in

73 2077 125 2139 ilci
144 2078 295 2143 bonitate.
341 2081 405 2140 Aut
428 2078 457 2139 si
479 2079 558 2154 quid
580 2075 723 2138 scandali
747 2084 801 2140 aut
825 2078 1033 2148 offensionis,
1068 2076 1232 2139 incurristi
1256 2094 1297 2137 cx

74 2180 135 2242 istis
161 2182 258 2262 meis,
290 2181 431 2258 digneris
461 2197 593 2257 parcere
631 2180 832 2257 ignorantiae
862 2199 972 2250 meae,
1004 2188 1037 2242 at
1065 2183 1169 2241 sulum
1192 2197 1297 2241 meunt

76 2283 266 2345 considerare
288 2285 435 2346 animum.
487 2287 531 2343 Te
555 2284 639 2344 eninr
661 2301 782 2346 summe
806 2300 943 2344 veneror
967 2290 999 2344 et
1021 2283 1140 2360 diligo,
1175 2289 1207 2342 et
1230 2284 1296 2344 ani·

75 2403 144 2448 nrsm
163 2396 249 2450 tuam
273 2387 355 2448 sicut
383 2405 488 2448 meam
518 2390 680 2465 propriam
710 2386 744 2447 in
773 2387 874 2448 coelis
900 2387 1010 2446 vivere
1033 2393 1185 2464 peropto.¹
1225 2386 1297 2446 Soio

74 2489 146 2550 enim
169 2499 200 2553 et
223 2493 319 2570 plane
352 2491 454 2554 fateor
476 2509 526 2551 rne
550 2511 611 2552 non
635 2509 709 2554 esse
733 2490 861 2572 dignum
877 2493 1004 2554 solvere
1020 2489 1160 2554 fimbrias
1177 2493 1297 2554 calcea-

74 2597 159 2656 menti
180 2595 246 2666 tui,
271 2604 449 2660 esttamen
473 2603 505 2656 et
529 2594 645 2656 Catelli
669 2596 838 2658 comedunt
867 2596 907 2656 de
930 2594 1043 2675 micis,
1073 2612 1154 2670 quae
1185 2596 1299 2656 cadunt

74 2696 108 2754 dt
127 2715 233 2762 mensa
255 2701 392 2763 Domini.
437 2700 475 2760 Et
496 2698 668 2774 aliquando
692 2701 778 2760 Ileus
802 2700 926 2760 revelet
955 2707 1081 2761 secreta
1105 2717 1163 2760 sna
1186 2717 1298 2776 parvu-

75 2797 122 2870 lis,
145 2817 225 2877 quae
251 2803 450 2880 sapientibus
474 2801 662 2864 abscondita
687 2819 760 2864 esse
784 2800 894 2862 voluit.
940 2802 976 2862 Et
1002 2805 1030 2863 si
1054 2803 1183 2873 liceret,
1213 2800 1297 2863 desi-

76 2902 206 2968 derarem
229 2913 262 2966 te
284 2905 413 2975 videre,
436 2913 540 2966 tecum
564 2905 703 2981 alloqui,
736 2913 767 2966 et
797 2906 896 2966 mults
926 2921 966 2966 ex
988 2905 1052 2966 tuis
1077 2892 1230 2984 operibus
1255 2907 1298 2964 le-

76 3023 142 3082 gere
163 3017 319 3088 peropto,
350 3027 486 3071 exorans
510 3017 596 3072 tuam
620 3009 872 3078 Humanitatern,
903 3016 938 3068 ut
968 3026 1018 3068 mc
1043 3009 1232 3088 participem
1255 3010 1297 3069 i-

78 3126 139 3172 ccre
160 3113 305 3192 digneris
329 3122 361 3192 et
384 3114 521 3174 rrraxirne
555 3113 674 3189 scripta
704 3129 800 3188 super
822 3110 984 3189 Epistolas
1008 3112 1129 3184 Pauli„
1145 3120 1179 3176 ut
1202 3113 1301 3173 fertur

77 3215 149 3288 apud
170 3217 297 3291 aliquos
321 3224 438 3278 extare.
483 3217 571 3275 Deus
595 3214 741 3292 Optimus
765 3215 920 3274 Maximus
945 3221 1030 3274 tuam
1052 3213 1212 3275 illuminet
1232 3213 1298 3275 ani-

77 3318 206 3378 mamad
230 3320 484 3396 cognoscendam
507 3325 538 3377 et
561 3317 786 3394 propalandam
811 3315 988 3376 Veritatem
1007 3313 1244 3393 Evarrgelicam,
1266 3322 1300 3375 et

77 3415 210 3482 Politiarn
231 3421 447 3484 Christianam
469 3422 665 3500 purgandam
696 3428 729 3481 et
757 3419 995 3480 reformandam.
1055 3419 1092 3479 Et
1114 3427 1147 3478 te
1171 3419 1300 3480 felicem

78 3522 190 3597 reddat,
222 3525 326 3604 quoad
356 3528 461 3605 ipsum
482 3527 584 3587 Derim
608 3533 639 3583 et
662 3521 819 3584 homines.
871 3520 952 3582 Vale
976 3529 1007 3582 et
1028 3524 1130 3583 Deum
1162 3540 1218 3600 pro
1250 3538 1300 3582 me

80 3639 179 3702 exora,
202 3637 236 3692 ut
258 3631 425 3710 reciproce
450 3630 668 3706 procedamus.
710 3628 749 3690 Et
771 3643 821 3686 me
844 3627 904 3686 tibi
927 3627 1124 3688 commendo.

152 3733 298 3796 Mantuae
320 3735 376 3796 Vll
398 3734 520 3813 Aprilis
546 3735 636 3795 1546.

709 3819 745 3878 Il.
769 3825 844 3878 tuae
866 3816 995 3894 trapa·
1018 3822 1050 3876 et
1071 3814 1145 3876 ΕΜ

865 3919 1007 3980 Servitor

710 4024 842 4115 Carolus
867 4022 907 4082 de
930 4021 1063 4099 magnis

583 4126 789 4140 a-A—-u--nu-h-

81 4183 140 4247 305.
172 4187 227 4246 No.
243 4181 352 4246 sttui.
399 4182 476 4267 (Vol.
494 4187 545 4244 VI.
568 4205 595 4259 p.
612 4179 698 4264 ltu.)
990 4173 1063 4262 (iere
1079 4197 1174 4238 menso
1191 4177 1303 4262 Aprili.)

171 4271 344 4300 Μ
999 4270 1301 4306 Μ

315 4303 318 4310 ¹
357 4346 559 4418 accusatio
594 4339 734 4438 Synodt‘
762 4337 1015 4410 mtdeounoe.

140 4460 285 4531 Postquam
309 4463 335 4516 d.
354 4465 380 4516 7.
399 4463 526 4514 ianuario
554 4459 627 4512 taso.
660 4457 809 4510 Concilium
833 4453 1023 4505 ‘tridentinum
1050 4460 1109 4504 erut
1133 4454 1302 4520 inchoatum,

171 4552 376 4605 hetaoehthont
396 4565 411 4600 a
428 4549 556 4616 Principe
574 4545 699 4598 Electore
717 4544 798 4612 paulo
817 4548 881 4611 post
899 4541 1059 4592 mandatum
1079 4547 1129 4604 cst,
1152 4548 1181 4592 ut
1196 4542 1304 4592 'scribat

101 4641 276 4656 ,Ἥ

159 4675 184 4742 1)
206 4671 339 4739 clamosa]
359 4673 399 4724 sic
418 4671 532 4740 scripum
556 4669 584 4720 in
604 4667 765 4736 apographo
785 4665 901 4732 legitur:
922 4663 1085 4730 ¹clamorosa
1150 4721 1152 4730 Ι
1177 4708 1179 4716 ,
