3084 5208
457 335 703 393 surnruuunra
722 339 806 399 anui
827 340 902 396 iera.
1034 375 1101 395 .-
1236 324 1302 398 tas

81 493 138 554 tto.
165 490 344 554 namna
390 489 468 572 (not
484 497 538 554 111.
561 517 589 569 p.
605 495 691 573 tlt.)
1203 499 1301 562 arn.

164 578 334 606 Μ
1217 591 1302 614 ¹0,ae

206 647 339 720 Helius
364 647 539 720 Eulaeus
566 656 708 721 Hessos
738 651 789 722 ad
814 651 1155 728 Meluuclrtliunem.

134 781 186 832 llae
210 783 320 833 litterae
345 784 519 835 inveniuntur
543 783 571 834 in
595 783 679 834 hocce
698 784 783 836 libro:
815 785 886 838 Helii
904 785 1010 838 Eobani
1028 787 1109 843 Hessi
1127 787 1228 840 Poetae
1257 804 1302 840 ex·

165 865 313 920 cellentisr.
334 875 361 919 et
380 868 535 920 Amicorum
555 869 658 934 ipsius,
677 867 864 937 Epistularum
883 869 1059 922 familiarium
1077 871 1152 923 Libri
1167 871 1226 922 Xll.
1249 880 1301 956 ¹ete.

163 953 327 1022 (Marpurgi,
347 953 494 1006 Bessorum
515 955 590 1008 1543.
608 955 680 1022 nol.)
701 969 728 1022 p.
742 955 792 1008 203
808 971 849 1020 sq.
870 957 954 1024 epist.
973 958 1069 1010 ultima
1088 957 1149 1009 libri
1168 957 1241 1011 Vlll.
1295 959 1298 968 ‘

77 1071 192 1154 Optimo
214 1074 411 1135 acdestiae.
434 1079 524 1147 uiro,
545 1069 590 1137 D.
613 1070 774 1158 Philippu
797 1073 1031 1164 Melanthea,
1051 1085 1159 1142 amico
1181 1099 1302 1142 summo

371 1197 448 1250 suo,
469 1174 595 1238 Helius
616 1173 773 1238 Eudonos
794 1176 942 1252 Herses,
966 1181 995 1242 S.

148 1297 212 1357 Non
237 1298 351 1360 desino
375 1316 458 1359 nunc
480 1299 539 1358 hos
564 1316 646 1361 nunc
660 1299 734 1360 illos
749 1300 808 1360 tibi
823 1301 1063 1378 eonnrendara,
1084 1301 1128 1362 mi
1144 1303 1302 1380 Philippo,

78 1401 119 1458 nel
142 1417 248 1462 eorum
273 1403 328 1476 qni
350 1401 426 1461 binc
449 1402 487 1463 ad
511 1421 569 1462 vos
593 1400 745 1479 migrant,
780 1403 830 1462 vel
854 1404 951 1464 etiam
976 1406 1031 1477 uui
1054 1405 1183 1466 aliunde
1207 1406 1247 1471 ad
1270 1413 1303 1482 te

80 1503 318 1577 proficiscuntur.
353 1505 547 1566 Persuadent
570 1506 655 1567 enirn
679 1505 742 1566 sibi
767 1506 936 1580 plurimum
953 1507 1037 1583 apud
1054 1515 1085 1568 te
1101 1524 1198 1586 posse
1216 1525 1303 1570 meas

78 1604 189 1676 literas,
214 1615 247 1667 et
270 1609 387 1668 babere
411 1610 542 1668 mullum
565 1608 717 1668 momenti
741 1609 1067 1682 commendationem,
1092 1611 1176 1688 qnod
1201 1613 1304 1674 sciant

79 1710 210 1786 plerique
235 1727 344 1770 eurum
368 1711 533 1789 permagni
556 1727 607 1770 me
631 1712 713 1789 apud
738 1715 770 1772 le
794 1713 882 1772 sueri:
917 1712 1030 1774 eadem
1053 1713 1152 1791 igitur
1174 1715 1302 1786 fiducia,

79 1829 128 1885 qua
148 1830 248 1890 nuper
259 1813 414 1874 Danicum
438 1814 587 1874 iuvenem
611 1815 671 1876 tibi
694 1815 931 1886 commendavi,
956 1818 1138 1879 commendo
1164 1825 1195 1879 et
1218 1819 1303 1880 bunc

78 1915 220 1978 Andream
249 1915 444 1978 llerdenium
466 1918 763 1986 Franeoforlanum,
798 1917 990 1995 discipulum
1021 1936 1123 1998 nuper
1153 1929 1303 1992 rostaim,

79 2023 104 2074 te
123 2019 270 2080 audiendi
294 2019 552 2095 cupidissimum,
577 2037 671 2096 quem
694 2026 727 2080 ut
755 2020 786 2080 in
809 2020 1039 2096 discipulorum
1062 2041 1100 2084 ac
1122 2024 1302 2088 auditorum

80 2125 189 2182 tuorum
212 2137 380 2192 nnmerum,
397 2121 546 2185 admittas
570 2138 699 2200 precor,
731 2138 828 2198 spero
859 2123 1000 2185 indolem
1021 2124 1080 2186 tibi
1105 2143 1166 2186 non
1191 2127 1303 2203 displi-

80 2221 204 2284 cituram.
257 2221 311 2284 Sic
339 2231 425 2284 certe
450 2241 485 2284 se
510 2241 585 2302 erga
609 2243 667 2284 nos
690 2225 810 2302 gessit,
842 2231 875 2285 ut
905 2228 987 2286 bone
1017 2228 1216 2288 conscientia
1244 2227 1305 2289 tibi

80 2339 154 2396 eum,
176 2327 240 2391 uisi
263 2328 377 2388 fallunt
399 2327 524 2396 omnia,
545 2326 709 2404 possimus
732 2335 764 2386 et
788 2327 960 2390 audeamus
982 2331 1219 2400 commendare:
1242 2347 1304 2408 ego

80 2434 117 2488 tot
137 2447 249 2506 preces
271 2448 322 2492 me
346 2433 377 2490 in
403 2448 472 2492 eam
495 2446 563 2492 rem
586 2433 786 2508 urgentium,
811 2439 961 2494 excutere
978 2434 1065 2494 nulla
1088 2435 1213 2496 ratione
1230 2450 1305 2509 pos-

80 2547 152 2602 sum,
187 2533 269 2594 adeo
307 2552 369 2594 non
408 2534 567 2605 desistunt
604 2539 635 2593 et
665 2533 783 2594 instant
819 2535 997 2610 plerunque
1032 2533 1129 2598 etiam
1157 2537 1305 2609 moleste,

80 2631 191 2695 etiamsi
214 2652 276 2713 ego
300 2653 400 2714 saepe
424 2635 491 2696 illis
515 2642 601 2696 tuam
625 2637 854 2698 humanitatem
876 2636 921 2698 ita
944 2635 1113 2713 praedico,
1142 2645 1178 2699 ut
1200 2639 1305 2700 dicam

80 2753 129 2794 non
153 2754 226 2798 esse
249 2739 330 2812 ipsis
355 2758 436 2816 opus
459 2739 526 2798 ulla
548 2738 802 2800 commodatione
812 2737 852 2824 ¹),
876 2739 983 2800 solere
1006 2746 1118 2818 tuapte
1141 2747 1251 2804 natura
1272 2740 1306 2802 id

80 2837 227 2902 lacerate
253 2842 338 2920 iprod
365 2850 400 2902 ut
428 2841 528 2904 iacias
552 2861 570 2902 a
593 2857 643 2902 me
667 2858 703 2902 se
733 2842 904 2918 impetrare
934 2858 1033 2920 posse
1055 2845 1224 2912 confidunt.
1268 2845 1328 2906 Et

80 2941 226 3019 utcunque
252 2960 289 3004 ea
313 2931 349 3005 se
372 2947 527 3015 habeant,
551 2945 635 3007 bunc
650 2943 844 3010 Herdeninm
867 2963 945 3022 rogo
969 2945 1016 3006 sic
1039 2945 1097 3006 tibi
1120 2947 1208 3008 siuas
1233 2963 1306 3010 esse

79 3047 335 3118 commendatum,
364 3054 399 3108 ut
421 3049 538 3108 sentiat
562 3049 763 3122 aliquetenus
793 3047 857 3108 sibi
887 3063 975 3108 meas
999 3048 1109 3136 literas
1134 3047 1304 3126 proluisse.

79 3143 117 3206 De
137 3148 240 3209 Fastis
266 3151 383 3226 scripsi
413 3152 473 3210 tibi
497 3169 566 3212 cnm
590 3151 713 3211 Danico
737 3149 933 3219 Hermanno,
963 3151 1048 3226 quod
1079 3151 1124 3211 ita
1142 3151 1305 3240 'facturum

77 3265 118 3308 ne
139 3260 264 3332 utsnm
286 3253 467 3330 pollicitus,
498 3260 586 3317 certo
616 3254 717 3314 debes
749 3254 919 3314 confidere.
951 3270 1021 3314 narn
1052 3260 1102 3314 est
1125 3254 1222 3316 etiam
1246 3271 1305 3317 sua

77 3361 179 3428 sponte
204 3357 237 3416 in
261 3373 333 3416 eum
363 3357 503 3424 laborem
534 3356 626 3418 valde
660 3373 839 3434 propensus
870 3356 922 3416 bic
951 3356 1091 3426 animus,
1124 3373 1218 3433 quern
1242 3355 1306 3418 iam

76 3453 181 3518 dudum
202 3461 355 3538 parturit,
379 3462 498 3521 utinam
522 3479 583 3521 non
608 3468 755 3538 nascatur
778 3459 933 3522 ridiculus
957 3477 1035 3519 mua.
1070 3460 1135 3523 Vos
1158 3459 1305 3529 obsecro,

76 3561 103 3615 te
123 3560 211 3632 dico,
235 3563 407 3623 Lutlrerum
432 3569 464 3646 et
488 3561 611 3633 lunum,
635 3569 668 3625 et
691 3563 774 3624 alios
797 3564 897 3624 bonus
922 3561 1025 3632 viros,
1056 3561 1109 3652 qui
1135 3563 1213 3624 estis
1236 3563 1306 3622 Deo

76 3660 242 3736 gratissimi
266 3673 297 3726 et
320 3665 710 3746 acceptissirni'ministri
735 3673 823 3726 orate
848 3683 905 3741 pro
930 3681 997 3734 me,
1031 3671 1066 3726 ut
1097 3665 1137 3728 ad
1167 3681 1238 3725 eum
1262 3667 1306 3726 la·

78 3763 175 3826 berem
197 3747 443 3845 perficiendum,
469 3777 500 3830 et
524 3768 609 3832 vires
633 3769 787 3839 sufficiat,
811 3766 948 3829 animum
972 3765 1125 3846 inspiret,
1157 3775 1189 3827 et
1212 3769 1306 3860 vitam

79 3865 185 3930 donare
207 3878 239 3932 et
263 3888 452 3933 conservare
475 3873 638 3954 dignetur:
669 3872 755 3948 quod
779 3872 807 3932 si
830 3870 975 3942 facietis,
1005 3877 1040 3932 ut
1062 3870 1202 3961 tacturos
1232 3888 1306 3932 con-

79 3969 149 4041 lido,
172 3989 285 4049 spero,
309 3975 392 4035 siout
415 3976 446 4038 in
470 3971 628 4042 Psalteriu
652 3975 732 4044 leci,
757 3981 788 4033 et
812 3971 844 4032 in
868 3975 929 4034 boc
949 3989 1000 4034 me
1017 3973 1108 4042 vobis
1125 3989 1199 4038 esse
1214 3973 1307 4036 satis-

80 4069 228 4135 facturum.
272 4077 320 4136 De
343 4078 542 4152 proiectione
567 4077 604 4138 ad
629 4076 821 4137 loachimum
846 4076 929 4136 scire
954 4075 1109 4150 pervelim
1133 4074 1209 4148 quid
1233 4091 1306 4162 con-

83 4174 198 4246 stituas,
228 4194 350 4254 oroque
373 4165 425 4252 ut,
456 4179 485 4240 si
509 4178 633 4258 possis,
665 4179 832 4240 rescribas.
884 4177 962 4238 ltem
992 4177 1032 4236 de
1061 4177 1198 4252 Lypsicu
1225 4178 1306 4244 Aca-

84 4273 175 4338 demia
203 4281 279 4356 quid
311 4296 441 4357 speras,
472 4284 547 4358 quid
578 4281 715 4351 sentias,
748 4279 824 4356 quid
854 4279 992 4338 laturum
1021 4266 1187 4356 augurere.
1239 4279 1306 4354 Ego

83 4373 248 4459 Principem
278 4385 379 4444 babeo
413 4386 505 4446 valde
534 4386 744 4456 benevolum,
763 4368 807 4443 ¹et
830 4381 893 4441 mei
918 4397 992 4440 vere
1015 4387 1187 4451 amantem,
1211 4387 1307 4456 atque
1367 4458 1369 4462 ,

160 4551 182 4614 l)
208 4553 439 4620 commodatioue]
459 4554 569 4606 alell.
589 4554 702 4617 legitur,
729 4552 778 4602 sed
803 4551 863 4604 sine
882 4549 965 4600 dubio
984 4549 1128 4613 legendum
1148 4555 1205 4602 est:
1231 4567 1304 4602 eoru-

86 4637 242 4690 mundatione

114 4727 201 4780 suppleri.
220 4732 338 4772 latratu.
1103 4727 1121 4782 9
