3072 5208
435 362 680 416 sarrientem
697 363 781 426 num
810 364 884 416 rara
1220 340 1282 412 251

70 527 159 578 sentes
188 519 363 599 religiones
393 525 523 596 propter
553 517 820 592 tranquillitatem
856 517 930 578 boni
967 520 1179 583 consulendas
1211 533 1283 578 esse

11 611 12 638 ³
70 621 155 691 ducit,
178 623 415 697 qualescunque
430 630 520 691 sunt,
543 629 578 682 111
593 621 702 682 dicunt
718 621 810 682 multi
825 637 978 696 peruerse
995 620 1281 703 philosophantes:

70 742 113 784 nac
139 723 201 802 in¹l
232 724 274 786 iis
307 724 362 800 qui
393 725 583 824 qil-iosuae
612 732 667 786 aut
698 723 872 786 ambitione
906 731 1062 797 quaerunt
1092 741 1190 786 novas
1215 725 1284 800 opi·

68 827 178 895 nioncS,
202 835 255 886 aut
277 835 310 888 nt
331 835 495 903 potentum
509 829 686 892 adfectibus
702 826 864 896 serviant,
889 826 1088 902 applaudunt
1102 825 1283 898 erroribus3

68 931 160 990 sedin
184 931 277 998 aliis,
310 931 365 1006 qui
388 933 516 1007 legunt,
547 931 692 1000 discunt,
723 938 753 990 et
778 932 1012 1005 amplectuntur
1035 929 1225 1005 Prophetica
1250 936 1284 990 et

68 1036 235 1110 stpostolica
260 1035 395 1112 scripta,
420 1034 587 1096 veritatem
610 1043 732 1103 amant,
763 1033 949 1094 testimonia
974 1033 1092 1094 veteris
1115 1031 1282 1094 Ecclesiae

67 1142 178 1209 probata
202 1137 383 1212 inquirunt,
419 1147 451 1197 at
481 1140 627 1199 humanis
660 1137 867 1212 opinionibus
890 1137 952 1198 Dei
976 1138 1173 1196 voluntatem
1196 1141 1281 1198 aute-

67 1242 167 1300 l'cmnt:
203 1241 315 1314 quales
346 1260 405 1300 non
433 1243 536 1304 solum
565 1241 650 1316 apud
680 1259 737 1300 nos
770 1247 800 1300 et
834 1245 922 1308 sunt,
954 1245 985 1297 et
1013 1235 1191 1310 luerunt²)‚
1228 1237 1285 1294 sad
1374 1231 1375 1234 ’

12 1393 13 1398 ,
67 1351 122 1402 sunt
151 1343 273 1420 passim
302 1343 333 1404 in
364 1352 430 1405 toto
461 1347 537 1404 orbe
566 1351 722 1404 terrarum
755 1341 846 1402 multi
876 1341 964 1402 docti
996 1349 1027 1402 et
1050 1340 1115 1416 pii,
1149 1357 1283 1414 quorum

67 1445 150 1520 aliqui
174 1449 378 1522 profitentur,
408 1448 492 1521 qnod
516 1446 674 1515 sentiunt,
705 1445 808 1520 aliqui
839 1453 926 1505 metu
958 1443 1189 1520 impediuntur,
1220 1460 1282 1516 quo

67 1548 149 1608 minus
172 1551 277 1626 palam
302 1551 471 1610 ostendant
493 1569 583 1610 suani
607 1549 816 1619 sententiam,
850 1549 1001 1609 lritamcn
1017 1547 1148 1610 assiduo
1165 1547 1285 1622 gemitu

66 1651 212 1712 Ecclesiae
239 1652 493 1714 emendationem
521 1660 641 1728 optant.

132 1754 170 1814 tlt
201 1754 300 1832 igitar
330 1771 369 1814 no
400 1775 457 1816 nos
481 1754 610 1830 quidem
635 1755 875 1816 concedendum
899 1751 1118 1828 petulantibus
1142 1751 1284 1828 ingeniis

66 1856 277 1932 iudicamrrs³),
304 1863 339 1916 ut
363 1865 464 1920 rectas
490 1867 521 1918 et
547 1875 622 1920 vera
652 1857 827 1918 autoritate
854 1855 985 1916 traditas
1017 1854 1194 1916 sententias
1218 1872 1284 1917 mu-

66 1965 133 2028 tent,
153 1967 186 2018 ut
209 1959 353 2018 fecerant
377 1960 623 2036 Anabaptistae:
655 1960 701 2020 ita
725 1966 853 2020 econtra
882 1956 938 2016 ubi
962 1957 1134 2032 perspicua
1158 1963 1208 2018 est
1230 1975 1284 2016 vo-

67 2063 151 2122 luntas
174 2061 253 2130 Dei,
278 2061 490 2124 obediendam
504 2065 573 2125 Deo
598 2061 711 2143 csse⁴)
733 2063 945 2129 affirmamus,
970 2077 1029 2122 nec
1054 2059 1285 2135 expectandam

11 2215 12 2218 ,
67 2180 124 2222 csse
140 2164 356 2242 cognitionem
378 2168 554 2228 humanam.
593 2169 686 2228 Certe
707 2165 835 2226 illorum
850 2164 992 2240 cognitio
1008 2182 1069 2224 non
1087 2162 1286 2238 expectanda

11 2285 12 2314 1
67 2273 117 2336 est,
139 2268 191 2342 qui
216 2270 320 2344 palam
345 2277 416 2330 sunt
440 2273 550 2332 hostes
575 2269 732 2331 veritatis.

136 2371 276 2440 Deinde,
309 2373 449 2458 etiamsi
470 2391 533 2448 qua
561 2381 649 2437 essct
674 2373 871 2441 obscuritas,
908 2390 962 2430 cur
992 2372 1089 2430 rebus
1117 2387 1179 2428 non
1204 2367 1285 2426 iudi-

68 2473 132 2532 catis
165 2475 351 2536 damnantur
388 2485 516 2537 nostrae
555 2476 753 2545 sententiae,
793 2484 824 2536 et
853 2473 946 2534 multi
976 2472 1105 2534 honesti
1138 2471 1286 2530 homines

10 2587 12 2636 4
68 2582 180 2650 propter
203 2579 305 2638 solam
328 2579 470 2654 purioris
493 2579 660 2640 doctrinae
684 2576 922 2641 confessionem
945 2567 1201 2636 interficiuntur?
1240 2571 1286 2630 Ea

10 2689 11 2732 ;
68 2675 92 2734 in
117 2694 147 2736 re
169 2687 255 2740 certe
285 2671 345 2740 bo'c
376 2681 477 2744 nostri
508 2680 624 2742 indicii
655 2689 721 2750 ast,
752 2696 811 2743 nec
842 2678 1003 2740 trucidare
1033 2677 1194 2743 insontes,
1224 2689 1285 2734 nec

67 2777 200 2838 adiuvare
224 2790 278 2842 aut
302 2788 480 2860 approbare
504 2783 642 2843 alienam
667 2779 884 2862 1111111111ωὸ).

135 2883 302 2946 Exarserat
326 2887 446 2949 iniusto
471 2886 545 2948 odio
569 2886 643 2946 Saul
667 2887 824 2946 adversus
847 2883 1012 2946 Davidem.
1049 2883 1180 2944 Interea·
1197 2878 1284 2940 filius

68 2982 215 3056 lonatlras,
240 2989 301 3050 etsi
324 2997 391 3050 erat
416 2992 447 3052 in
473 3007 510 3050 eo
524 2987 547 3062 ⁶)
571 2989 679 3065 pietas
703 3005 778 3064 erga
795 2994 934 3064 patrem,
959 2992 992 3046 ct
1010 2983 1191 3044 reverentia
1207 2998 1286 3058 erga

68 3101 158 3162 legem
181 3091 370 3168 praecipua:
396 3102 497 3154 tamen
522 3092 669 3154 minister
693 3108 767 3152 esse
791 3090 931 3150 iniustae
953 3086 1152 3148 crudelitatis
1174 3084 1283 3146 noluit.

68 3187 141 3250 llulti
172 3211 247 3256 vero
278 3196 336 3256 alii
366 3205 567 3272 praesentem
598 3194 773 3272 potentiam
810 3192 911 3269 pluris
943 3209 1035 3265 quam
1066 3205 1211 3252 caussam
1242 3190 1284 3248 la-

10 3363 11 3368 *
68 3290 184 3355 ciebant.
621 3308 626 3321 ·

139 3397 234 3466 Orioni
265 3401 371 3461 multis
402 3403 482 3461 locis
511 3401 696 3460 sacerdotes
728 3397 816 3458 docti
840 3405 872 3456 et
895 3394 1035 3476 51111117)
1065 3401 1186 3455 tantum
1214 3411 1285 3468 pro-

68 3504 162 3570 pterea
184 3505 289 3568 necati
309 3512 402 3576 sunt,
428 3505 512 3579 quod
535 3503 706 3567 manilcsta
730 3509 832 3562 errata
855 3497 1070 3561 invocationis
1091 3507 1287 3564 mortuorum

69 3605 211 3676 taxarunt,
245 3622 329 3680 quae
359 3605 390 3668 in
416 3608 486 3683 ipso
510 3607 652 3669 iudicum
676 3621 830 3666 consessu
861 3601 963 3677 aliqui
986 3601 1018 3662 in
1043 3599 1157 3661 animis
1181 3597 1286 3670 suis⁸l

69 3702 148 3762 tacite
172 3706 407 3783 improbabant,
430 3717 464 3768 nl
486 3716 601 3784 postea
626 3724 682 3766 eos
705 3708 800 3767 lateri
825 3704 1016 3766 audivimus.

140 3811 212 3870 Cum
235 3811 335 3887 igitur
360 3812 562 3875 verissimum
586 3806 647 3880 sit,
678 3811 717 3870 ad
740 3809 903 3886 proprium
926 3805 1180 3880 uniuscuiusque
1202 3801 1285 3863 iudi-

138 3914 234 3921 --—.-.

68 3905 101 3913 ›s-

144 3965 169 4023 l)
191 3963 231 4029 in]
253 3965 325 4028 apud
344 3963 477 4016 Seckend.
498 3965 585 4015 deest.

139 4049 166 4114 2)
188 4049 326 4116 inerunt,]
347 4051 496 4102 Sarbena:
518 4053 628 4102 inerunt
648 4051 741 4114 aliqui,

138 4131 166 4198 3)
189 4135 392 4188 concedendum
415 4144 472 4203 pet.
493 4138 548 4202 ing.
572 4135 752 4201 iudicamus‚]
781 4133 926 4186 Seckend.:
952 4131 1139 4202 petulantibus
1165 4132 1285 4196 ingeniis

68 4220 251 4270 concedendum
271 4223 462 4285 iudicavimus,

139 4305 166 4366 4)
189 4305 244 4358 Deo
265 4307 340 4373 esse]
362 4308 510 4361 Saclrend.:
532 4325 593 4360 ease
614 4309 669 4358 beo

140 4391 166 4456 5)
190 4392 355 4459 saevitiam]
377 4394 524 4445 Scolacium:
545 4397 722 4445 sententiam.

139 4476 166 4540 d)
192 4487 250 4529 erat
269 4481 296 4528 in
318 4481 360 4546 ro]
386 4480 532 4532 Serkrnrl.:
559 4484 584 4531 in
607 4499 638 4533 eo
660 4489 717 4532 crat

141 4567 167 4624 7)
190 4566 261 4616 docti
284 4573 311 4616 11
332 4568 431 4633 sancti]
453 4569 598 4618 Serlrcnrl.:
620 4570 707 4618 sancti
729 4575 754 4617 11
774 4567 844 4618 docti

141 4649 167 4711 8)
191 4653 259 4718 suis]
284 4655 357 4719 apud
377 4652 508 4704 Sar-kend.
528 4655 619 4707 donst„
