3120 5206
494 349 740 405 surrnnnunrs
760 349 841 402 unni
864 351 937 404 rura.
1292 329 1338 400 tlt

114 512 182 570 hanc
209 514 362 578 mentem,
394 508 477 582 (prod
507 508 617 567 clleo
648 506 802 569 nurilium
827 513 859 566 ei
882 476 1020 570 saluiem
1049 507 1140 584 petit.
1192 507 1336 570 cbristus

112 612 162 672 uit:
184 611 339 687 Quicquid
366 610 526 687 petieritis
547 609 671 670 Patrem
695 608 726 668 in
751 609 880 669 nominc
902 626 993 680 mco,
1016 610 1103 672 dabit
1126 611 1227 671 vobis.
1279 610 1337 670 llis
1432 657 1438 668 .

109 715 173 776 freti
198 714 384 792 promissis,
415 729 541 775 oramus
570 713 688 781 Deum,
723 719 758 772 nt
788 719 920 790 propter
949 713 1109 774 Christum
1140 721 1173 774 et
1202 713 1337 790 gloriam

110 818 153 878 sui
172 816 309 878 nominis
333 817 568 880 celsitudinem
595 823 732 878 vestram
755 819 929 892 gubernet,
952 821 1094 886 tuentur,
1116 815 1279 888 defendat,
1304 825 1337 878 et

109 941 158 982 vos
180 921 341 984 foeliciter
370 921 502 982 reducet
527 920 685 990 victores,
717 919 848 982 reiectis
880 937 916 980 ec
948 920 1066 982 deletis
1096 919 1335 985 immanissimis

109 1024 250 1086 hostibus.
299 1026 332 1084 ld
357 1025 500 1102 precari,
524 1023 558 1084 id
582 1039 690 1093 orare,
714 1031 747 1082 et
772 1041 828 1100 pro
856 1031 963 1084 nostro
981 1023 1176 1100 Imperatore
1199 1024 1335 1084 clemen-

110 1127 238 1200 tissimo,
268 1136 365 1204 atque
398 1127 518 1205 optimo
551 1125 716 1202 Principe,
757 1134 788 1186 et
824 1147 880 1202 pro
914 1126 1114 1187 celsitudine
1148 1133 1267 1197 restra,
1304 1134 1337 1186 et

110 1227 246 1291 universo
280 1238 387 1291 nostro
419 1228 561 1289 exercitu
596 1227 755 1288 convenit.
807 1228 932 1290 Etenim
961 1247 1030 1290 curn
1063 1245 1172 1292 ornnes
1197 1227 1336 1293 omnium

110 1334 237 1409 gentium
269 1332 440 1402 historias,
472 1331 661 1409 populorum
693 1349 813 1400 rnores,
844 1331 1010 1402 militiam,
1045 1332 1254 1394 domesticam
1283 1339 1337 1392 aut

110 1437 297 1496 (laniensem
326 1435 546 1512 disciplinam,
576 1449 627 1493 res
659 1443 766 1510 gestas
797 1443 894 1510 eterne
923 1436 1062 1513 lmperia
1096 1435 1214 1512 colligo
1239 1442 1336 1510 etque

109 1537 281 1608 considero,
313 1537 443 1600 invenio
468 1538 586 1598 nullam
612 1536 760 1598 extitisse
784 1539 962 1608 irationem,
992 1539 1022 1599 in
1047 1556 1109 1614 qua
1141 1539 1214 1614 plns
1237 1537 1336 1598 luerit

110 1640 291 1718 impietatis,
314 1639 529 1709 crudelitatis,
554 1639 787 1718 llagitiosarum
811 1642 995 1711 libidinum,
1026 1641 1166 1716 deniqne
1190 1642 1335 1702 immani-

109 1747 226 1806 latisin
251 1744 338 1806 omni
362 1761 616 1823 generandam
640 1745 672 1804 in
697 1745 817 1806 'l'urcis
874 1747 938 1806 llil
962 1745 1067 1822 Reges
1091 1764 1127 1806 ae
1152 1746 1264 1824 populi
1288 1745 1333 1806 ita

108 1857 265 1922 gesserunt
289 1849 389 1920 bella,
415 1855 448 1907 nt
472 1854 586 1924 postea
609 1847 849 1924 llcrnpnblicarn
872 1848 1007 1926 legibus,
1032 1847 1185 1920 moribus,
1210 1856 1243 1910 et
1261 1850 1334 1909 reli-

108 1950 193 2027 gione
217 1959 376 2014 ornarent.
420 1953 461 2012 At
485 1953 604 2014 ancae
629 1952 724 2014 nullis
749 1950 843 2014 iustis
869 1952 976 2014 causis
1000 1954 1085 2014 bella
1107 1961 1252 2023 movent,
1280 1969 1333 2031 ge-

109 2063 168 2118 runt
189 2053 423 2118 crudelissime.
475 2055 646 2130 Postquam
670 2053 833 2124 vicerunt,
864 2056 1070 2133 Religiones,
1094 2059 1195 2130 bonos
1218 2073 1334 2126 mores,
1361 2057 1364 2066 '

108 2165 134 2218 et
165 2166 263 2220 totam
294 2157 430 2218 Civilem
466 2157 669 2234 disciplinam
704 2158 835 2227 tollunt,
875 2164 906 2217 et
937 2157 1082 2219 devictas
1121 2157 1267 2219 notiones
1296 2160 1335 2220 ad

27 2311 28 2318 ,
108 2263 322 2323 misser-rimam
356 2268 386 2321 et
415 2261 541 2322 foedam
571 2260 758 2321 servitutem
783 2259 939 2337 redigunt.
992 2261 1103 2336 ltaque
1128 2259 1210 2321 sciat
1234 2261 1333 2322 Celsi-

109 2367 171 2426 tudo
196 2374 321 2437 vestra,
346 2366 463 2427 bellum
487 2365 573 2435 iure,
599 2372 630 2424 et
653 2365 800 2425 mandato
823 2365 901 2433 Dei,
932 2371 1083 2441 tanquam
1106 2365 1260 2426 adversus
1284 2383 1334 2426 se-

27 2515 28 2518 ,
108 2469 246 2531 vissimos
270 2471 412 2531 latrones
436 2469 609 2546 gerendum
634 2484 716 2528 esse.
769 2468 834 2545 lpsi
860 2466 944 2528 enim
968 2467 1032 2529 iam
1054 2470 1194 2530 inierunt
1215 2470 1335 2532 bellum

108 2577 143 2633 tot
165 2565 302 2643 seculis,
327 2580 359 2635 ct
383 2571 414 2634 in
440 2575 512 2650 lege
536 2591 593 2635 sna
614 2567 846 2644 Mechometicu
870 2571 902 2630 id
926 2572 1131 2648 profitentur,
1162 2588 1198 2634 se
1222 2574 1332 2634 hostes

107 2690 168 2735 esse
197 2675 338 2738 omnium
368 2675 518 2754 gentium.
573 2676 681 2750 ltaque
712 2679 863 2749 tanquam
893 2676 1033 2738 latrones
1063 2675 1184 2756 depelli
1208 2675 1334 2740 debant.

106 2775 206 2855 liugan
231 2776 411 2839 consolatio
437 2784 484 2839 est
508 2783 636 2848 tenere,
662 2776 747 2852 quod
770 2778 916 2838 mandato
940 2777 1003 2838 Dei
1027 2796 1176 2856 cogemur
1200 2794 1257 2839 eos
1281 2778 1335 2839 de-

108 2883 225 2954 pellere.
272 2881 336 2942 llac
360 2881 583 2944 consolatione
613 2881 780 2942 corrinnei
811 2897 848 2944 se
873 2880 1038 2942 Celsitudo
1062 2889 1184 2953 vestra,
1216 2889 1248 2944 et
1269 2899 1334 2944 me·

108 2982 223 3045 rninerit
250 2987 355 3046 Deum
384 2984 537 3046 adiurare
569 3004 645 3054 nos,
675 3001 770 3062 annn
804 3000 841 3044 ea
871 2985 1013 3062 gerimus
1044 3001 1126 3062 quae
1157 2986 1268 3054 iussit,
1303 2992 1336 3046 ut

108 3086 144 3146 ait
164 3088 280 3151 David:
315 3090 435 3149 Revela
459 3086 596 3149 Domino
625 3087 709 3150 viarn
733 3093 836 3157 tuum,
868 3087 995 3165 etipse
1020 3089 1125 3150 laciet.
1176 3088 1237 3149 Sed
1262 3092 1335 3150 nolo

109 3207 170 3252 esse
193 3191 358 3268 prolixior.
405 3191 519 3252 Extant
544 3192 629 3251 enirn
655 3190 757 3252 libelli
788 3191 828 3250 de
853 3193 912 3251 lrac
937 3207 971 3250 re
993 3190 1166 3268 diligenter
1190 3198 1222 3252 et
1245 3210 1334 3253 accu-
1433 3263 1438 3268 ¹

110 3301 167 3364 rate
188 3295 318 3371 scripti,
344 3301 377 3354 at
401 3297 485 3355 lectu
508 3295 615 3354 utiles.
663 3294 808 3356 Christus
834 3301 940 3372 regat,
964 3295 1137 3371 gubernet,
1167 3311 1204 3354 ac
1227 3295 1334 3356 delen-

109 3395 152 3455 dat
173 3397 401 3460 Celsitudinem
426 3402 570 3458 vestram.
627 3399 734 3459 Amen.

644 3502 726 3561 tlels.
751 3501 786 3560 V.

900 3601 1123 3666 deditissimus

823 3707 991 3785 Philippus
1017 3707 1208 3767 Melantbon.

613 3864 817 3872 w-

113 3985 169 4044 nl.
197 3989 247 4049 no.
264 3963 371 4058 toral.
417 3988 549 4070 (vaur.
573 4010 599 4064 p.
618 3985 705 4068 ool.)
1108 3953 1334 4062 (messing.)

201 4067 371 4099 Μ
1131 4069 1326 4098 Μ

121 4183 279 4276 loannes
301 4183 391 4252 Das·
426 4183 619 4252 saxoniae
653 4181 815 4249 Elector·
839 4176 890 4247 acl
916 4175 1141 4261 Lntbernm,
1176 4181 1319 4264 Ionam,

287 4297 621 4377 Melanchtlconem
650 4309 685 4370 et
711 4301 821 4389 Pauli
853 4295 1137 4392 Wiltenderpae.

170 4449 238 4501 llcuc
269 4452 413 4518 epislolem
443 4453 561 4518 primum
592 4451 679 4501 edidit
705 4449 862 4500 Burlrbardt
886 4448 902 4498 l.
923 4448 941 4498 l.
976 4463 1002 4513 p.
1022 4447 1195 4510 ibib—208„
1225 4450 1271 4498 ubl
1299 4449 1336 4499 lc-

202 4545 288 4601 gutur.
