3072 5208
236 391 306 465 22⁰
632 412 877 468 surenauunra
897 415 979 467 nuru
1001 419 1076 471 nro.

236 584 403 631 aerumnas
428 577 563 648 expecto
577 569 606 647 ¹).
651 572 738 631 Bene
764 573 842 632 vele.
887 572 960 641 Die,
989 591 1051 649 quo
1076 581 1150 635 ente
1173 592 1273 636 annos
1298 577 1379 636 teta
1405 575 1467 635 Noe

236 688 340 733 arcam
364 673 528 752 ingressus
553 680 618 744 est,
649 693 710 752 quo
740 676 888 752 exemplo
917 678 1004 737 Dens
1035 685 1170 738 testatus
1201 686 1267 749 est,
1298 696 1334 739 se
1363 677 1467 739 Eccle-

235 775 316 836 siam
339 795 445 847 suom,
469 779 567 838 etium
591 796 659 838 oum
685 779 866 856 ingentibus
891 781 1038 842 fluctibus
1062 799 1100 842 ac
1121 784 1274 858 procellis
1286 781 1310 858 ¹)
1341 800 1467 858 quassa-

237 886 301 950 tur,
325 898 387 942 non
412 880 571 940 deserere,

237 1081 307 1140 282.
340 1082 394 1141 No.
409 1079 520 1141 atati.
566 1079 643 1164 (vot.
659 1085 695 1141 V.
719 1105 745 1158 p.
762 1081 849 1166 760.)
1291 1083 1341 1166 (ιο.
1362 1084 1467 1167 sunto.)

449 1245 562 1313 Mart.
590 1240 769 1328 Frcclttuc
796 1241 848 1313 ad
874 1243 1003 1316 touch.
1036 1243 1264 1319 Vudtunwm.

305 1373 360 1427 Hoc
385 1375 567 1439 fragmentum
592 1375 727 1442 epistolae
753 1389 767 1425 a
792 1375 907 1428 Erechto
940 1377 974 1427 ad
995 1377 1148 1428 Vedianum
1173 1394 1266 1432 meuse
1293 1380 1372 1433 lunio
1400 1382 1469 1433 1545.

338 1461 459 1528 scriptae
479 1461 600 1511 eontinet
618 1459 706 1511 locum
725 1459 859 1527 epistolae
880 1477 894 1511 u
913 1459 1123 1515 Meluuohthone
1148 1464 1182 1514 ad
1201 1465 1317 1515 amioum
1337 1467 1469 1530 quendam

335 1544 497 1614 (Bucerum)
522 1547 548 1597 d.
570 1549 611 1601 tt:
631 1547 735 1614 Aprilis
761 1547 851 1600 datae.
896 1547 1027 1600 Simicrus
1051 1549 1102 1600 lroo
1126 1549 1290 1618 desumpsit,
1310 1552 1390 1604 cuius
1410 1567 1468 1620 apo-

339 1634 463 1699 graphon
483 1631 521 1696 (S.
541 1631 605 1686 ltro.
619 1630 675 1696 57.)
694 1633 761 1685 milri
781 1633 870 1686 denuo
889 1634 1100 1686 describendum
1119 1633 1157 1686 et.
1176 1635 1207 1686 V.
1230 1638 1410 1703 Vespeltmts
1427 1637 1469 1686 be-

339 1720 422 1786 nigue
441 1720 553 1772 curavit.

682 1859 686 1868 ·
713 1820 994 1907 (Fragmentum.)

324 1943 465 2008 Arbitror
488 1951 610 2014 autem,
634 1945 666 2002 T.
691 1943 737 2004 et.
760 1962 822 2004 non
845 1944 947 2004 latere
972 1944 1047 2020 quid
1073 1951 1137 2018 opt.
1161 1944 1291 2007 doctiss.
1316 1946 1466 2022 pacisque

237 2048 492 2112 studiosissimus
520 2049 557 2108 Ι).
587 2048 769 2109 Melantlron
801 2065 884 2108 nuuc
921 2064 1023 2126 nuper
1053 2065 1092 2110 ca
1127 2049 1167 2107 de
1199 2065 1233 2108 re
1262 2050 1301 2110 ad
1332 2055 1467 2110 nostrum

238 2153 395 2212 Bucerum
418 2150 602 2227 scripserit,
637 2152 720 2228 quod
751 2152 842 2211 hisce
872 2151 985 2210 diebus
1009 2152 1071 2210 hnc
1098 2153 1257 2212 transiens
1280 2152 1397 2214 Paulus
1419 2152 1466 2212 Fa-

237 2254 309 2331 gius
344 2253 376 2314 in
414 2271 514 2314 mcum
545 2255 648 2314 sinum
679 2254 838 2330 reposuit,
876 2258 908 2312 et
939 2253 1009 2314 heri
1040 2253 1214 2326 Gervasius
1244 2253 1465 2321 Scholasticus,
1525 2285 1526 2298 ι

236 2355 497 2434 Memmiugensis
521 2358 685 2417 Ecclesiae
716 2359 867 2426 antistes,
899 2358 929 2417 in
962 2357 1043 2416 haec
1066 2358 1164 2417 verba
1194 2357 1233 2416 ad
1262 2372 1313 2417 me
1338 2357 1464 2434 perscri-

237 2461 316 2538 psit:
353 2462 417 2532 „D.
441 2461 628 2522 Ambrosius
660 2457 830 2521 Bleurcrus
862 2460 952 2519 hisce
982 2459 1094 2520 diebus
1131 2459 1171 2520 ed
1201 2475 1251 2520 me
1281 2459 1411 2535 scripsit
1437 2459 1463 2516 in

237 2565 345 2633 „haec
376 2565 487 2624 verba:
524 2561 689 2640 Philippus
720 2582 781 2623 nou
811 2564 866 2623 diu
890 2570 957 2632 est,
989 2563 1074 2638 quod
1103 2565 1205 2624 amico
1237 2562 1359 2624 cuidem
1390 2560 1464 2621 XVII

238 2666 385 2742 „Aprilis
410 2667 621 2744 significavit,
653 2666 823 2742 Tigurinos
847 2681 905 2724 nec
928 2666 1100 2743 prudenter
1123 2665 1306 2725 instituisse
1330 2665 1463 2740 Respon-

238 2769 390 2840 „sionem
413 2786 517 2837 suem,
542 2785 601 2828 neo
624 2767 796 2845 scripsisse
819 2769 993 2830 moderate.
1030 2769 1126 2854 Ardet
1151 2775 1255 2830 autern
1279 2766 1333 2827 hic
1354 2773 1465 2832 noster,

238 2873 319 2940 ,,καὶ
342 2865 447 2931 ἀκούω
472 2865 521 2930 ὅτι
543 2865 801 2954 προβούλευμ’)
826 2865 945 2958 γράψῃ,
970 2867 1003 2932 ἒν
1019 2861 1045 2956 ᾦ
1059 2865 1223 2952 ἀποφανεῖ
1243 2865 1295 2932 ὅτι
1318 2865 1465 2950 διαβόλου

237 2970 406 3051 ,,σύρμα“)
431 2969 517 3035 ἐστὶν
540 2967 559 3056 'i
582 2975 643 3034 τῶν
666 2967 833 3037 ἀντιδίκων
855 2971 961 3056 γνώμη
974 2973 1017 3058 ⁵),
1048 2978 1104 3036 καὶ
1133 2969 1262 3060 κελεύσῃ
1287 2963 1366 3052 ripule
1389 2966 1463 3033 ino·
1524 2991 1525 3022 t

237 3073 401 3158 „ypdpsrr
423 3080 476 3138 καὶ
499 3076 769 3160 συνεπιψηφίζειν.
813 3077 882 3138 Etsi
905 3092 1032 3154 semper
1055 3078 1217 3138 moderate
1241 3078 1368 3137 locutus
1392 3092 1462 3140 sum,

236 3197 322 3259 „nec
347 3184 473 3242 turbore
504 3185 582 3243 itanc
613 3185 777 3260 regionem
808 3183 974 3244 Ecclesiae
997 3181 1102 3248 volui,
1133 3188 1238 3241 tumen
1264 3180 1292 3239 si
1316 3178 1373 3240 illa
1396 3180 1463 3238 dum

240 3285 428 3352 „sententia
450 3293 663 3363 proponetur,
699 3285 939 3347 deliberandum
962 3283 1041 3344 milri
1066 3284 1143 3352 erit,
1168 3282 1244 3357 quid
1267 3282 1390 3342 faciam.
1432 3278 1464 3338 Et

238 3403 354 3456 „mox:
392 3395 468 3463 opto
498 3397 533 3447 ut
563 3389 689 3450 labores
721 3387 785 3450 mei
816 3385 941 3463 prosint
970 3385 1134 3446 Ecclesiae
1164 3383 1243 3454 Dei,
1278 3390 1310 3444 et
1341 3383 1462 3444 exilium

238 3497 423 3565 „expecto,
452 3493 615 3566 feramque
638 3493 830 3553 moderarer
856 3498 913 3552 etc.
971 3489 1057 3550 llaec
1079 3489 1248 3565 Philippus
1279 3488 1381 3548 amico
1405 3485 1462 3546 cui-

238 3594 326 3663 dam,
350 3609 443 3668 quem
468 3609 507 3655 ex
529 3594 620 3673 rogii
643 3593 841 3655 indicatione
865 3592 1012 3655 coniecto
1036 3595 1190 3653 Buccrurn
1217 3607 1301 3652 esse.
1523 3574 1524 3594 ³

753 3715 960 3727 —c—n—n—

238 3801 309 3861 283.
345 3803 400 3858 No.
415 3801 524 3859 31940.
573 3799 648 3883 (Vol.
665 3805 702 3860 V.
726 3823 752 3876 p.
769 3799 854 3883 760.)
1287 3796 1361 3873 (eod.
1376 3795 1462 3867 temp-l

341 3887 493 3910 *M
1298 3879 1459 3908 Μ

659 3960 766 4032 Idem
798 3957 850 4031 od
877 3958 1046 4030 eundern.

306 4095 362 4148 Hoc
382 4111 487 4160 quoque
508 4094 641 4162 epistolae
662 4109 677 4142 e
697 4091 810 4144 Erechto
837 4092 872 4143 ad
891 4092 1048 4142 Vedianum
1074 4105 1109 4142 m.
1128 4091 1205 4142 lanio
1229 4091 1301 4144 teto.
1320 4091 1398 4142 datae
1417 4085 1462 4136 lra-

340 4186 489 4247 gmeutum‚
508 4178 727 4231 Melanchthonis
744 4179 836 4230 verba
849 4193 883 4228 ex
901 4179 961 4228 eius
980 4177 1097 4244 epistola
1117 4178 1151 4228 ad
1165 4176 1310 4228 Erechtum
1329 4173 1461 4230 exhibens,

236 4302 443 4313 ——-.——--

323 4372 352 4439 1)
376 4369 514 4438 expecto]
535 4369 624 4435 Hanry
643 4377 701 4437 typ.
722 4384 828 4421 errore:
856 4377 983 4438 excepto.

322 4455 349 4519 2)
376 4471 407 4506 ac
426 4453 567 4523 procellis]
589 4455 662 4522 upud
681 4453 770 4520 Eenry
789 4456 807 4504 l.
825 4456 844 4507 l.
865 4456 972 4508 desunt.

325 4541 355 4607 3)
380 4535 584 4607 προβούλευμα]
605 4542 632 4591 in
652 4539 759 4592 Simleri
779 4541 938 4610 apographo
957 4541 1071 4606 legitur:
1092 4536 1305 4608 προσβούλεομα

324 4630 351 4692 4)
377 4622 483 4692 stippa]
505 4627 594 4678 Siml.:
615 4623 724 4695 σορημά

324 4717 351 4780 5)
376 4709 484 4780 γνώμη]
504 4713 596 4764 siml:
616 4710 715 4785 γνώμα
