3084 5208
237 315 303 393 182
631 337 878 391 succisurum
898 337 981 388 auur
1004 339 1081 392 aaa.

238 491 381 566 quinque
403 492 562 562 millibus,
589 491 701 554 rustici
722 491 804 551 eius
832 491 935 552 maius
959 498 1040 552 octo.
1091 493 1155 555 Sic·
1176 501 1350 556 tractantur
1371 493 1476 556 amici.

237 590 366 654 interim
389 595 430 654 de
453 595 545 656 nobis
569 603 602 656 et
624 591 785 670 religione
809 589 909 669 quid?
965 594 1160 672 Designator
1189 597 1406 674 hospitiorum
1427 613 1477 656 no·

237 703 336 759 strum
358 695 534 770 hospitium
564 699 775 773 deputaverat
806 695 928 772 maguis
957 695 1149 770 quibusdam
1173 699 1388 769 consiliariis,
1425 699 1478 758 lm·

237 801 438 872 portitoribus
463 807 495 859 et
519 802 572 862 vin
596 798 724 862 exorari
750 798 870 874 potuit,
904 806 938 859 ut
966 798 1048 860 illud
1078 802 1279 877 toliuqueret'
1305 801 1477 862 comitibus

239 901 550 979 allanderscbeydt.
595 904 710 964 Tamen
744 918 802 960 nos
834 901 912 962 illud
939 903 1121 978 relinquere
1139 904 1295 981 'oportuit
1343 905 1478 965 Primum

239 1004 434 1074 minabatur,
462 1022 499 1066 se
522 1005 714 1082 scripturum
745 1001 949 1080 imperatori,
980 1007 1168 1067 Lutheranis
1199 1006 1387 1069 ducturibus
1417 1022 1479 1068 ser-

240 1106 311 1168 vari
334 1109 511 1181 hospitium
533 1106 743 1184 praecipuum
766 1113 799 1166 at
823 1105 950 1168 excludi
981 1106 1071 1181 ipsos
1096 1108 1323 1172 consiiiarius:
1357 1109 1479 1172 Transi-

241 1209 345 1272 vimus
374 1211 471 1288 igitur
500 1211 539 1272 ad
567 1213 738 1272 teloneum.
790 1209 959 1285 Primoque
992 1211 1091 1272 biduo
1123 1229 1193 1273 uum
1224 1213 1402 1288 imperatur
1431 1211 1479 1274 ad·

238 1313 401 1383 mcisser,
425 1315 596 1389 tranquille
618 1313 663 1374 ibi
687 1312 822 1382 luimus,
847 1329 1036 1387 quamquam
1052 1312 1189 1375 sacrifici
1203 1322 1239 1374 at
1252 1331 1362 1376 eorum
1378 1321 1480 1376 scorta

241 1436 299 1481 uos
324 1416 494 1487 iactarent,
517 1418 574 1478 alii
598 1431 791 1490 suspensus,
815 1415 874 1478 alli
896 1416 1075 1477 cunlossos.
1110 1419 1160 1478 ltu
1181 1419 1245 1480 hoc
1269 1419 1354 1480 enim
1378 1421 1480 1480 horta

241 1521 353 1579 bantur
382 1519 529 1594 hospites
553 1536 629 1580 suos
659 1519 755 1580 Italos
785 1523 817 1578 et
846 1517 1006 1594 Hispanos
1041 1535 1097 1595 per
1128 1536 1164 1580 se
1188 1520 1323 1598 cupidos
1348 1518 1481 1581 attalia

241 1619 435 1686 minitantes.
480 1623 595 1683 Tamen
626 1621 705 1683 nihil
736 1618 812 1682 mali
843 1619 937 1682 arabis
961 1622 1084 1683 illatum
1107 1630 1166 1682 ast,
1210 1624 1388 1699 tmperatur
1410 1638 1479 1682 vero

242 1721 400 1808 postridie
424 1722 531 1784 statim
554 1741 624 1784 cum
647 1723 850 1792 advenisset,
880 1723 1026 1784 lustravit
1060 1723 1245 1786 exercitum.
1289 1726 1352 1788 Die
1373 1723 1480 1786 Domi-

243 1825 332 1894 nico,
364 1825 536 1900 impulsus,
566 1833 599 1888 ιιι
623 1823 780 1894 creditur,
812 1826 851 1886 ab
874 1825 1054 1900 aliquibus,
1077 1827 1206 1888 Missam
1230 1828 1410 1888 solenniter
1431 1845 1479 1888 au-

243 1929 323 1990 divit
347 1927 377 1986 in
403 1944 516 2003 magno
540 1928 679 2002 templo,
715 1927 747 1988 in
778 1943 841 2001 quo
871 1926 1051 2005 Episcopus
1075 1929 1349 2006 compostellanus
1372 1931 1408 1990 in
1432 1929 1480 1992 die

243 2029 448 2094 assumtionis
472 2047 593 2094 sacrum
616 2032 754 2099 lecerat,
787 2036 820 2088 et
842 2029 1021 2094 orationem
1046 2032 1080 2092 in
1102 2033 1356 2102 noshabuerat,
1388 2034 1480 2092 multa

243 2133 406 2209 pollicitus
431 2132 638 2202 sacrificulis,
662 2134 759 2192 multa
782 2131 947 2204 minitatus
971 2133 1083 2196 uobis
1120 2133 1477 2198 Pneee'ssedicitursa-

244 2237 306 2296 cris
335 2235 551 2311 hnperatcriis
581 2235 630 2294 vir
661 2235 853 2296 venerabilis
885 2241 1018 2312 aspectu
1050 2243 1082 2296 et
1113 2253 1230 2306 sacen,
1263 2237 1375 2298 eudem
1411 2253 1479 2296 vero
1534 2295 1535 2320 ,

243 2336 412 2398 Dominico
435 2336 489 2398 die
511 2339 684 2414 Imperator
707 2336 777 2413 egit
796 2335 990 2413 gravissime
1010 2356 1081 2398 cum
1105 2346 1217 2402 austro
1246 2353 1344 2407 sene,
1372 2345 1409 2398 ut
1437 2337 1477 2397 in-

244 2441 388 2504 stitutum
417 2458 509 2502 surnn
532 2441 675 2502 ditlerret
704 2441 744 2502 ad
774 2439 971 2512 Concilium,
1007 2443 1057 2505 vel
1088 2440 1234 2518 proxima
1262 2439 1409 2511 accius,
1444 2456 1478 2500 ne

245 2546 344 2604 vallet
372 2559 445 2604 esse
476 2542 595 2620 primus
627 2542 711 2603 inter
740 2542 920 2620 Episcopus
951 2552 1128 2610 ronovatur.
1162 2544 1279 2604 vEtvut
1303 2549 1477 2606 removeret

246 2664 323 2708 ase
347 2654 412 2708 tres
437 2646 699 2718 concionatores,
732 2664 812 2722 qrros
843 2645 997 2723 gravatim
1026 2647 1123 2710 terret
1153 2647 1219 2722 ipsi
1247 2647 1381 2717 edesse,
1414 2643 1477 2708 Phi·
1533 2711 1534 2714 Ἴ

245 2748 368 2826 lippum
399 2749 692 2817 blelanchtbonem,
725 2747 829 2834 me¹),
867 2756 898 2809 et
931 2748 1115 2809 H‘edionem.
1170 2748 1387 2840 Caracallarius
1416 2765 1478 2808 cum
1533 2727 1534 2766 ἶ

246 2850 312 2910 alia
333 2849 462 2926 negotia
484 2850 641 2927 Principis
665 2849 853 2927 Imperatori
877 2835 1102 2927 exposuisset,
1133 2867 1323 2927 responsum
1347 2852 1388 2910 de
1412 2849 1475 2911 reli·

246 2951 531 3030 gione'exponere
557 2951 674 3023 noluit,
706 2961 900 3029 coactusque
926 2953 1074 3030 princeps
1099 2961 1164 3024 est,
1188 2953 1241 3012 ‘uti
1273 2955 1372 3030 op'cra
1395 2955 1476 3016 Doct.

247 3051 418 3131 Stigperti,
443 3053 628 3132 imperatori
651 3057 834 3126 admodum,
859 3057 944 3131 quod
968 3053 1091 3163 pridem
1114 3041 1391 3134 andivi','ingrati.
1428 3057 1477 3116 lte·
1532 3109 1533 3112 ,

142 3217 145 3223 ,
247 3157 398 3233 sponderi
422 3173 499 3234 erga
522 3167 630 3219 noster
651 3159 745 3220 iacit:
777 3176 813 3220 se
837 3159 918 3219 nihil
944 3145 1034 3229 novi,
1059 3145 1114 3218 sed
1140 3135 1236 3219 talem
1259 3155 1367 3219 moliri
1391 3159 1477 3219 retor-

247 3259 433 3331 mationem,
467 3279 548 3336 qliae
581 3280 650 3322 cum
681 3262 838 3339 scriptura
859 3261 922 3323 Dei
954 3266 986 3320 et
1012 3277 1086 3320 vere
1111 3259 1296 3321 Catholicae
1319 3259 1477 3322 Ecclesiae

249 3363 404 3424 institutis
429 3363 626 3432 consentiat,
656 3379 812 3440 spiramque
843 3377 879 3425 se
908 3384 969 3425 nun
994 3364 1115 3424 dubitet
1138 3366 1386 3440 approbaturum
1407 3363 1478 3428 Deo,

248 3465 410 3526 Maiestati
434 3465 554 3542 ipsius,
580 3475 611 3526 et
634 3459 776 3528 'statibus
800 3466 947 3544 Imperii,
973 3483 1078 3542 eoque
1102 3465 1180 3527 earu'
1196 3466 1300 3538 ipsius
1315 3463 1477 3530 Maiestali,
1531 3541 1532 3554 χ

250 3585 341 3643 aarum
364 3569 498 3643 priumm
521 3573 665 3631 absoluta
691 3571 749 3640 sit,
782 3571 995 3632 exhibiturum
1018 3559 1263 3630 diiudicandum.
1309 3568 1416 3630 Tertio
1440 3568 1476 3627 in-

250 3669 332 3730 stitit
355 3671 544 3749 lmperator,
567 3681 601 3732 ut
625 3673 765 3734 differret
789 3689 913 3734 omnem
936 3665 1154 3741 mutationem,
1178 3671 1281 3731 donec
1303 3671 1368 3732 sibi
1390 3667 1477 3730 retor-

250 3773 419 3834 mationem
452 3774 660 3836 extribuisset.
720 3775 862 3836 Perstitit
900 3775 1016 3842 senen,
1053 3789 1088 3833 se
1119 3773 1163 3834 ita
1201 3773 1326 3834 in'buc
1351 3757 1477 3850 'negotio

249 3883 427 3952 gesturum,
450 3884 484 3935 ut
508 3884 616 3952 speret
641 3890 676 3938 se
699 3877 844 3937 actiones
868 3894 942 3936 suras
966 3877 1142 3952 approbare
1166 3889 1265 3949 posse
1280 3875 1359 3943 Deo,
1383 3873 1477 3948 ipsius

249 3977 425 4047 Maiestati‚
458 3987 488 4038 et
512 3977 646 4040 statibus
670 3981 808 4057 imperii.
861 3981 909 4040 De
933 3980 1026 4039 nubis
1049 3977 1126 4037 iecit
1150 3975 1358 4054 responderi,
1389 3989 1422 4035 se
1446 3989 1478 4031 ea
1530 3961 1531 3998 i

250 4079 414 4141 atrdivlsse
446 4082 485 4140 de
514 4081 607 4141 nubis
632 4090 662 4140 et
686 4083 802 4142 deinde
826 4082 1040 4158 comperisse,
1071 4087 1105 4140 ιιι
1135 4097 1196 4140 non
1228 4077 1395 4148 dubitarit,
1428 4093 1477 4136 nos

251 4180 411 4243 Maiestati
442 4185 511 4243 eius
541 4199 602 4244 nun
638 4185 829 4261 displicere,
871 4195 1010 4260 qrtorum'
1032 4181 1106 4259 ipse
1144 4177 1243 4257 opera
1279 4190 1356 4242 usus
1392 4173 1476 4242 esset.

251 4267 365 4345 T'amen
391 4283 458 4361 ιε’)
489 4285 626 4357 abiisse,
656 4304 705 4347 rne
737 4303 865 4363 quoque
889 4286 1010 4366 pridem
1034 4271 1122 4346 abire
1146 4281 1407 4354 debuisse,'sed
1427 4295 1477 4341 nec
1529 4357 1530 4370 χ

250 4384 429 4446 ltadionem
452 4387 506 4448 liic
530 4391 663 4449 haerere
688 4383 801 4466 posse:
825 4405 862 4450 se
886 4385 1001 4466 igitur,
1026 4387 1109 4464 quod
1133 4388 1172 4447 ad
1193 4388 1319 4448 hostras'
1334 4367 1476 4464 personas
1529 4375 1530 4380 ’

250 4485 457 4498 -h-—n———n

338 4523 363 4589 l)
388 4527 529 4582 Bucerum.
617 4581 619 4588 ,
681 4567 714 4590 :-

337 4609 363 4672 2)
389 4609 635 4663 Melanclrthonem.
