3072 5208
227 327 302 406 ‚atta
629 343 877 398 sarriendum
895 346 979 398 auur
996 347 1072 402 raro.

234 504 379 566 lecerunt
409 500 545 571 ethnici,
576 502 740 577 Orpbeus,
771 499 940 564 Hesiodus.
993 502 1197 566 Ostendimus
1227 513 1333 566 autem
1354 507 1460 566 multas

234 606 487 671 adversariorum
516 603 800 681 interpretationes
830 621 972 682 pugnare
1008 621 1078 666 cum
1113 607 1272 678 lontibus,
1308 616 1340 668 et
1367 625 1461 686 genus

234 707 399 770 doetrinae
422 727 537 770 novum
561 723 654 776 esse,
679 725 740 768 non
765 709 915 770 traditum
937 728 955 772 a
978 710 1057 771 Deo.
1110 710 1277 773 Ethnicum
1301 718 1351 771 est
1373 711 1462 779 enim,

234 811 319 888 quod
346 811 469 889 lingunt
504 810 660 887 prodesse
699 809 891 872 sacrificium
922 827 963 872 err
994 827 1092 886 opere
1124 821 1257 890 operato
1288 814 1359 874 sine
1387 816 1462 875 bono

233 921 321 980 motu
344 912 474 976 utentis

314 1017 439 1078 Deinde
470 1021 593 1077 constat
623 1020 655 1072 et
685 1016 763 1084 hoc,
794 1016 939 1078 recentia
964 1018 1091 1088 seculo,
1123 1036 1257 1094 quorum
1281 1035 1462 1080 consensum

232 1128 408 1198 sequuntur
430 1120 623 1189 adversarii,
647 1119 841 1180 discessisse
864 1127 1038 1180 aveterum
1061 1120 1286 1200 scriptorum¹t
1309 1121 1462 1184 saniorum

233 1222 509 1302 interpretatione.
563 1222 738 1284 Videndum
769 1228 818 1282 est
849 1220 965 1299 igitur,
995 1231 1065 1284 utra
1096 1223 1340 1302 interpretatio,
1362 1230 1462 1284 nostra

232 1344 271 1388 an
293 1325 468 1396 contraria,
500 1321 653 1402 pugnet¹t
682 1341 752 1384 cum
774 1322 933 1394 lontibus,
964 1327 1026 1386 hoo
1050 1333 1117 1398 est,
1148 1345 1219 1388 cum
1242 1326 1375 1404 seriptis
1398 1343 1461 1402 pro-

232 1428 383 1506 pnotiois,
407 1435 440 1488 et
462 1426 652 1506 apostolicis
677 1424 848 1502 symbolis,
873 1433 906 1487 et
930 1426 1026 1491 certis
1046 1429 1243 1492 testimoniis
1254 1427 1460 1508 Apostolioae

233 1533 420 1595 sententiae.
1245 1519 1246 1522 ’

319 1635 404 1696 Hauc
433 1650 506 1696 asse
537 1650 674 1694 normam
710 1631 824 1694 iudicii
858 1635 1034 1708 oportebat
1094 1635 1159 1695 Nee
1189 1654 1247 1696 nos
1278 1635 1462 1712 ignoramus,

230 1740 347 1800 multos
377 1737 660 1815 praestigiatores,
694 1742 732 1797 ut
758 1733 922 1797 stabiliant
960 1737 1047 1798 idola
1077 1745 1109 1798 et
1140 1756 1255 1814 pravas
1285 1737 1461 1815 opiniones,

231 1848 432 1918 praetexere·
449 1839 688 1916 antiquitatem,
721 1845 753 1898 et
785 1837 951 1900 inflectere
982 1841 1121 1918 integras
1152 1842 1323 1905 conciones
1351 1838 1461 1900 Christi

233 1951 265 2006 et
287 1946 513 2023 Apostolorum
542 1943 582 2004 ad
593 1941 616 2018 1)
645 1944 800 2002 humanas
831 1939 1002 2017 opiniones
1035 1952 1143 2006 contra
1171 1942 1310 2007 nativam
1343 1949 1460 2004 senten-

204 2033 206 2040 ’
232 2046 327 2117 tiam,
358 2053 390 2106 et
419 2047 556 2108 illustria
588 2045 708 2122 primae
730 2041 898 2104 Ecclesiae
923 2045 1119 2108 testimonia.
1177 2050 1224 2109 Ac
1246 2061 1391 2123 magnum
1414 2045 1460 2104 de-

231 2169 288 2212 cus
312 2149 491 2226 sapientiae
519 2149 610 2210 inulti
642 2149 673 2210 in
706 2145 857 2224 collegiis
890 2146 1065 2222 pontificiis
1089 2155 1121 2209 et
1145 2151 1177 2208 in
1201 2145 1318 2226 aulis⁴l
1348 2150 1459 2225 Regum

232 2271 306 2318 esse
328 2260 457 2333 putant,
480 2254 656 2322 artificiose
680 2252 815 2328 pingere
839 2251 942 2322 idola,
967 2260 999 2313 et
1023 2254 1178 2316 concinna
1189 2252 1214 2330 5)
1238 2252 1349 2329 aliqua
1373 2251 1459 2312 inter·

232 2359 413 2434 pretatione
436 2358 533 2419 lalsas
557 2354 728 2433 opiniones
756 2355 869 2416 lenire.
920 2409 923 2413 .
1077 2418 1079 2430 ,

231 2511 234 2530 1
270 2521 272 2530 ,
317 2462 356 2524 Hi
378 2461 462 2532 ludi,
486 2479 555 2523 cum
577 2460 685 2522 multis
708 2459 813 2520 modis
826 2459 993 2520 Ecclesiae
1016 2459 1193 2534 perniciosi
1216 2461 1298 2531 siut,
1322 2461 1458 2537 prolecto

231 2567 412 2640 exemplum
438 2584 502 2630 nou
525 2570 574 2624 est
596 2562 852 2624 confirmandum.
907 2561 983 2626 Nam
1006 2563 1034 2622 si
1058 2561 1109 2624 bis
1133 2563 1253 2626 iocosis
1277 2562 1458 2639 interpreta-

231 2667 372 2730 tionibus
402 2683 556 2732 excusare
586 2665 663 2728 licet
693 2681 835 2734 errores,
866 2663 922 2740 qui
952 2684 1034 2727 nunc
1057 2665 1159 2730 taxati
1182 2673 1270 2736 sunt,
1302 2666 1457 2741 aliquanto

230 2777 306 2846 post
329 2769 587 2835 etiamsetlmicis
611 2766 841 2844 religionibus,
865 2774 899 2826 ut
920 2769 1068 2831 diabolus
1088 2769 1220 2848 instigat
1234 2768 1321 2830 levia
1336 2765 1458 2845 ingenia

231 2872 280 2932 ad
294 2873 502 2937 deridendum
523 2874 642 2942 Deum,
666 2871 858 2946 alfingeutur
880 2871 984 2950 bellae
1009 2871 1242 2934 excusationes.

318 2977 411 3038 Esset
442 2983 548 3038 autem
572 2975 740 3050 impietas,
773 2975 889 3034 talibus
920 2977 1076 3051 sophistis
1088 2972 1111 3053 ο)
1141 2975 1327 3052 permittere
1357 2969 1457 3049 cogni·

232 3079 368 3150 tionem,
400 3078 455 3154 qui
483 3097 545 3141 nou
575 3078 695 3140 habeut
716 3074 857 3138 studium
882 3071 1042 3138 veritatis:
1073 3079 1130 3139 sed
1161 3095 1231 3139 cum
1253 3079 1380 3140 videant
1401 3077 1458 3133 boc

230 3181 438 3257 plausibilius
458 3198 530 3242 esse
544 3181 584 3258 7),
609 3186 729 3240 tantum
746 3186 903 3254 quaerunt
919 3187 1120 3255 praetentus,
1140 3187 1178 3253 ¹,ut
1194 3197 1322 3256 quoquo
1338 3177 1424 3240 morlo
1436 3173 1458 3253 ⁸)

233 3293 419 3361 praesentes
450 3287 541 3350 ritus
561 3290 706 3345 tueantur
721 3283 775 3358 ”t
806 3283 936 3344 Oramus
965 3290 1072 3347 autem
1101 3300 1212 3349 omues
1242 3300 1357 3361 graves
1379 3278 1458 3338 viros

230 3395 372 3451 amantes
401 3387 578 3454 Ecclesiam
608 3388 687 3458 Dei,
717 3402 759 3447 ne
788 3386 918 3448 audiant
952 3389 1034 3446 tales
1055 3393 1201 3464 agyrtas,
1225 3387 1457 3462 corrumpentes

231 3489 406 3552 doctrinam
428 3492 473 3552 de
493 3490 715 3560 invocatione,
740 3505 834 3564 quam
856 3487 1060 3565 purissimam
1084 3505 1157 3550 esse
1182 3496 1318 3566 oportet.

237 3661 245 3674 ἱ
317 3595 391 3657 Cum
415 3593 559 3656 mensio
584 3592 788 3654 invocatione
812 3593 937 3668 quaerit
968 3607 1061 3668 quem
1092 3593 1287 3668 alloquatur,
1319 3599 1351 3652 ct
1372 3609 1408 3650 an
1430 3592 1457 3644 et

231 3713 286 3756 aur
309 3697 477 3761 audiantur
500 3702 629 3758 nostrae
654 3711 786 3772 preces,
818 3711 955 3758 necesse
979 3701 1028 3756 est
1052 3693 1131 3758 sciri
1153 3697 1238 3756 nono,
1260 3710 1336 3754 esso
1360 3705 1456 3750 verum

248 3813 437 3826 ——·—-

321 3863 345 3928 Ι)
370 3861 547 3934 scriptorum]
568 3865 643 3934 apud
661 3863 793 3917 Sackeud.
814 3867 901 3916 deest.

236 3998 248 4008 „
319 3951 347 4014 2)
370 3951 487 4018 pugnet]
507 3951 658 4004 Scotusam:
679 3957 814 4017 congruat

316 4035 344 4099 3)
371 4036 418 4103 ad]
437 4035 586 4092 seclusam:
608 4044 635 4088 et

316 4120 344 4186 4)
368 4123 516 4189 pontificiis
539 4129 565 4175 et
584 4125 611 4174 in
632 4122 716 4190 aulis]
738 4122 885 4176 Seckead.:
905 4125 1063 4180 Pontificum
1082 4132 1109 4178 et
1126 4127 1196 4180 aulis

318 4206 346 4272 5)
369 4209 513 4275 concinna]
534 4209 683 4262 Seorsum:
704 4212 833 4264 contiuua

318 4291 346 4356 o)
371 4294 519 4363 sophistis]
539 4297 579 4348 sio
597 4296 668 4365 Opp.
686 4296 749 4348 blei.
772 4305 798 4350 et
814 4298 961 4364 Seakead.;
980 4298 1103 4366 Sylloge:
1122 4300 1287 4368 sophisticis

317 4377 344 4444 7)
370 4397 429 4432 cum
450 4382 560 4433 videant
579 4383 629 4434 hoo
647 4382 823 4449 plausibilius
843 4385 932 4452 essm]
953 4387 1021 4438 haec
1041 4387 1068 4438 h.
1081 4385 1100 4440 l.
1119 4387 1192 4455 apud
1205 4385 1337 4438 Seckeud.
1357 4385 1452 4438 desunt.

315 4463 343 4528 8)
366 4472 396 4517 ut
415 4483 521 4532 quoquo
540 4467 633 4534 modo]
654 4467 803 4520 Seokend.:
825 4472 959 4535 quomodo

315 4549 342 4613 9)
367 4553 516 4619 meantum]
541 4552 686 4608 Scotusam:
717 4562 859 4623 tueantur,
892 4560 956 4624 qnia
983 4560 1011 4612 id
1037 4559 1130 4614 vident
1160 4559 1272 4625 regibus
1302 4565 1406 4624 gratum
1431 4558 1453 4602 rt

230 4636 377 4702 plausibile
397 4655 467 4691 esse.
