3152 5208
636 427 821 489 trranurx.
1264 425 1328 498 549

89 576 180 651 liant,
205 583 257 644 aut
279 582 352 660 quid
375 602 437 648 non
461 585 612 659 sentiant,
647 589 721 666 quid
746 599 855 670 ugant,
884 598 939 657 aut
967 612 1029 658 non
1051 603 1155 677 agant,
1192 601 1328 680 probent

88 690 142 743 aut
166 684 355 760 improbent,
379 696 484 754 tamen
508 709 569 771 ego
593 691 626 754 in
650 695 709 756 hac
732 703 822 774 parte
846 696 928 760 nibil
951 701 1055 764 babeo
1079 701 1175 766 otiam
1199 703 1230 766 in
1254 705 1326 767 inti·

86 785 149 847 mis
173 787 251 849 meis
275 791 531 871 cogitationibus,
562 797 645 873 quod
667 811 843 876 quenquam
866 804 918 863 vel
942 801 1171 868 alienissimum
1203 826 1223 869 a
1244 808 1326 870 meis

87 892 259 954 sententiis
281 896 448 958 admodum
483 902 588 962 celare
611 901 744 976 cupiam.
787 901 918 980 Semper
941 906 1026 968 enim
1061 908 1143 970 mihi
1177 913 1326 988 persuasi

84 992 218 1056 veritati
247 1003 279 1058 et
307 1001 409 1062 bonae
432 1019 546 1064 causae
584 1005 687 1066 lucem
722 1007 839 1068 obesse
874 1026 936 1070 non
968 1025 1075 1088 posse.
1121 1013 1165 1072 Te
1187 1029 1263 1074 vero
1286 1015 1326 1077 D.

86 1097 281 1178 Praeceptor
304 1103 399 1166 etiam
436 1123 475 1166 eo
498 1107 603 1170 minus
633 1110 737 1171 celare
769 1113 819 1172 vel
843 1112 959 1185 debeo,
996 1117 1045 1176 vel
1076 1132 1214 1194 possum,
1247 1117 1325 1193 quid

87 1201 235 1274 sentiam,
258 1206 341 1281 quod
365 1209 418 1269 vix
441 1210 607 1286 quisquam
630 1210 692 1273 iam
715 1211 819 1285 vivat,
843 1216 893 1277 cui
917 1232 979 1296 ego
1003 1219 1135 1296 saepius
1158 1222 1220 1282 hoc
1242 1239 1325 1284 anno

87 1309 119 1366 et
155 1305 290 1372 dimidio
326 1327 426 1375 meam
449 1312 638 1378 sententiam
676 1316 717 1376 dc
754 1316 826 1380 istis
856 1320 1079 1396 praesentibus
1112 1320 1255 1384 miseriis
1293 1328 1327 1385 et

82 1408 264 1472 actionibus
288 1415 505 1494 exposuerim,
527 1433 620 1494 quam
641 1417 713 1486 tibi.
735 1426 789 1482 aut
812 1414 902 1484 cuius
927 1437 988 1500 ego
1004 1421 1149 1486 vicissim
1175 1424 1270 1488 dictis
1291 1434 1325 1488 et

84 1511 319 1581 narrationibus
342 1518 373 1580 in
398 1521 510 1584 eudem
533 1523 692 1586 sententia
715 1522 815 1602 magis
838 1541 929 1601 quam
951 1527 1015 1590 tuis
1037 1527 1098 1590 sim
1114 1531 1324 1592 continuatus.

172 1650 285 1713 Sentio
307 1652 401 1733 igitur
423 1660 457 1718 et
478 1673 606 1735 semper
628 1657 716 1720 sensi
739 1659 992 1736 adiaphororurn
1006 1661 1198 1726 mutationes
1221 1666 1254 1726 et
1274 1680 1310 1725 ac
1390 1637 1394 1644 ¹

83 1751 263 1828 captiones,
292 1775 361 1820 cum
384 1776 538 1839 generare
561 1760 749 1838 multiplicia
772 1765 919 1826 scandala
951 1764 985 1827 in
1011 1753 1166 1837 Ecclesia,
1201 1774 1236 1829 ut
1269 1769 1324 1830 ha·

83 1859 164 1918 bere
188 1863 341 1935 quandam
366 1863 509 1942 speciem
532 1867 766 1944 abnegationis,
790 1869 1023 1947 languetacere,
1050 1887 1088 1933 ac
1111 1871 1263 1932 inducere
1290 1869 1324 1931 in

81 1961 318 2027 dubitationem
341 1967 425 2045 pios,
450 1971 633 2032 continuare
664 1970 782 2049 impios
810 1972 858 2050 (ut
879 1979 963 2034 tuum
988 1973 1140 2053 scriptum
1164 1975 1204 2035 de
1228 1974 1323 2036 Adia·

81 2065 195 2142 pbcris
217 2071 358 2156 fatetur),
382 2074 571 2135 contristare
592 2075 744 2151 Spiritum
754 2075 899 2138 Sanctum
923 2078 956 2139 in
978 2075 1055 2156 piis,
1079 2095 1186 2139 corum
1204 2075 1321 2140 oratio-

82 2187 159 2232 nem
187 2172 344 2252 impedire
376 2177 426 2258 (ut
447 2177 549 2239 oratio
588 2178 618 2240 in
642 2179 844 2252 promotione
866 2179 1000 2243 lsinderi
1033 2183 1167 2245 recitata
1198 2177 1323 2258 innuit),

81 2278 230 2354 frangere
253 2281 390 2342 animum
412 2278 620 2342 constantium
647 2282 819 2355 doctorum,
842 2283 1181 2354 scindereEcclcsiam,
1212 2289 1245 2344 et
1265 2283 1323 2344 bo·

80 2398 196 2442 norum
218 2399 408 2446 consensum
430 2386 477 2468 (ut
500 2389 549 2446 est
572 2385 603 2446 in
626 2384 825 2459 praelatione
847 2387 942 2449 istius
964 2405 1068 2450 novae
1082 2383 1321 2465 ordinationis),

81 2491 148 2546 tum
171 2503 249 2550 vero
272 2505 345 2550 esse
370 2489 541 2550 secundum
564 2493 650 2550 tuum
674 2487 837 2562 somnium,
870 2492 955 2567 quod
977 2495 1071 2552 nocte
1101 2496 1190 2552 tuam
1210 2488 1320 2551 Guter·

81 2591 254 2654 bacenscm
277 2593 505 2674 protectionem
527 2591 742 2671 praecedente
777 2591 943 2656 somniasti
955 2591 991 2676 ¹),
1013 2596 1131 2657 tantum
1163 2594 1320 2656 fenestras

81 2695 242 2768 quasdam,
265 2697 327 2756 hoc
349 2700 408 2766 est,
443 2697 616 2758 secundum
642 2702 725 2757 tuam
748 2693 1042 2774 interpretationem
1072 2698 1228 2775 quaedam
1262 2713 1321 2778 gum

20 2855 25 2868 ,
81 2798 173 2874 idtio,
197 2797 382 2878 inspeciem
407 2798 595 2880 excogitata,
617 2815 676 2876 per
688 2815 770 2876 quae
794 2806 896 2862 tamen
920 2801 992 2876 ipse
1008 2808 1144 2880 papatus
1167 2799 1319 2864 inEccle·

79 2903 162 2964 siam
186 2903 304 2966 Christi
327 2903 500 2964 reducatur.

164 3023 262 3086 Hisce
284 3021 380 3086 tantis
399 3023 491 3086 malis
526 3035 653 3099 semper
681 3039 742 3100 ego
775 3024 823 3102 (ut
845 3025 976 3085 tutemet
999 3022 1078 3107 scis)
1115 3041 1225 3086 omnes
1248 3023 1320 3102 pios

77 3125 168 3186 serio
192 3142 371 3204 repugnare
392 3127 510 3188 debere
533 3127 632 3197 sensi,
656 3128 688 3188 et
710 3126 865 3187 hodierna
887 3125 941 3187 die
963 3125 1080 3198 sentio,
1114 3135 1147 3188 ct
1168 3147 1227 3206 pro
1249 3144 1321 3193 mea
1365 3195 1367 3199 ,

76 3281 287 3294 m

150 3354 177 3420 1)
192 3351 248 3408 Hoc
261 3352 394 3406 somnium
407 3359 529 3404 narratur
547 3353 575 3403 in
594 3353 661 3405 libro
676 3353 761 3404 attero
780 3367 863 3420 supra
880 3355 975 3421 pr.
995 3354 1030 3405 ad
1041 3353 1154 3408 nullm.
1167 3355 1319 3409 recensitos

76 3441 199 3507 „Omnia
218 3442 304 3492 latina
323 3441 427 3508 scripta
444 3439 541 3492 Matth.
563 3439 647 3490 Flacii
666 3438 777 3504 lllyrici,
797 3441 873 3495 etc.“
891 3440 937 3494 iol.
957 3441 1081 3495 lim-81:
1119 3439 1195 3504 „Duc
1214 3443 1320 3494 somnia

76 3529 207 3598 Pblllppi,
225 3529 318 3580 habita
336 3536 398 3581 ente
418 3528 543 3582 annum.“
578 3526 612 3578 Ut
630 3527 724 3596 plures
747 3527 828 3580 huius
848 3528 980 3595 epistolae
1004 3529 1071 3591 loci,
1094 3527 1122 3580 in
1141 3527 1236 3592 qulbus
1253 3545 1319 3581 soce

75 3615 213 3681 fenestra
231 3615 296 3666 illud
314 3615 448 3667 somnium
466 3613 633 3678 indigitetur,
653 3613 752 3664 clarius
771 3614 888 3680 intelligi
901 3616 1018 3683 possint,
1039 3615 1115 3684 prius
1133 3615 1265 3666 somnium
1285 3630 1319 3668 ex

75 3702 124 3753 illo
144 3701 213 3754 libro
233 3701 392 3754 blutiaco
412 3716 472 3752 cum
491 3700 668 3766 subsequenti
686 3700 929 3768 interpretatione:
948 3700 1052 3768 „Nocte
1070 3701 1252 3768 praecedente
1272 3701 1314 3752 tt.

75 3790 150 3840 diem
170 3789 337 3850 Decembris,
357 3803 410 3853 qua
428 3787 559 3853 'theologi
577 3787 776 3840 luterbachium
795 3788 830 3839 ad
849 3789 957 3839 comitia
976 3788 1092 3856 protecti
1110 3792 1182 3851 sunt,
1201 3788 1318 3839 somnis·
1422 3849 1424 3853 Ι

74 3877 117 3928 vit
136 3871 292 3942 Philippus,
306 3876 414 3928 venisse
433 3875 467 3926 ad
486 3891 517 3928 se
535 3875 654 3928 vicinum
672 3875 806 3940 quendam
827 3891 914 3937 suum,
932 3875 977 3939 qui
1001 3874 1113 3926 militari
1131 3873 1227 3924 babitu
1245 3874 1319 3924 lnce-

75 3961 142 4012 dere
161 3961 277 4024 solebat,
296 3973 329 4013 ec
348 3977 472 4028 rogasse,
490 3968 520 4012 ut
536 3961 602 4013 velit
620 3977 669 4013 suo
688 3961 796 4012 nomine
815 3976 893 4014 orare
911 3961 1063 4025 vitrarium,
1082 3966 1112 4013 ut
1131 3959 1157 4010 ei
1181 3961 1317 4012 fenestras

77 4047 211 4111 quasdam
230 4047 341 4098 iaceret.
379 4049 409 4098 ld
429 4047 475 4098 ubi
502 4047 556 4109 ille,
586 4052 745 4114 ut'rcgstus
765 4054 832 4113 erat,
852 4047 970 4112 lecisset,
995 4046 1159 4116 paulopost
1181 4062 1316 4099 reversum

75 4149 140 4184 esse
158 4133 308 4191 vitrarium,
334 4148 364 4183 ac
399 4133 511 4184 multum
537 4139 661 4198 questum
691 4149 765 4196 asse,
791 4135 1038 4200 interrogatumque
1066 4131 1129 4197 quid
1163 4131 1317 4194 accidisset,

74 4218 273 4286 respondisse:
292 4219 340 4270 llle
360 4218 458 4271 nebulo
477 4219 562 4270 voluit
579 4235 621 4270 me
640 4217 692 4270 sibi
710 4220 875 4287 papisticam
893 4218 1006 4271 Missam
1027 4218 1152 4269 recitare.
1187 4215 1254 4268 Nom
1273 4234 1316 4268 ma

73 4305 159 4356 talem
177 4306 315 4357 bominem
333 4321 394 4358 esse
413 4307 559 4370 existimet,
578 4307 624 4370 qul
644 4303 724 4357 velim
743 4305 905 4375 papisticern
924 4305 1033 4357 Missam
1053 4303 1190 4355 recitaret
1220 4329 1254 4342 -
1284 4303 1316 4355 Id

74 4390 211 4442 somnium
229 4393 268 4442 stc
286 4391 357 4444 idem
375 4393 500 4458 sequenti
519 4393 562 4442 dia
581 4407 672 4444 coram
689 4391 822 4458 pluribus,
843 4397 870 4442 et
889 4391 1045 4443 camerario
1065 4389 1207 4454 aliquoties
1232 4391 1316 4442 inler-

74 4482 203 4544 pretetus
221 4483 273 4528 est.
311 4476 369 4530 Iste
388 4479 491 4532 vioiuus
510 4477 588 4531 miles
607 4485 649 4530 est
666 4479 726 4546 ipse
744 4478 899 4542 bisuntine,
920 4478 1049 4531 vitrariae
1067 4493 1127 4529 sum
1146 4492 1207 4544 ego.
1244 4475 1315 4530 Petit

74 4575 153 4614 amc
173 4564 323 4628 Mauritius,
341 4573 371 4616 ut
389 4568 411 4616 ei
430 4568 565 4618 fenestras
583 4565 691 4628 taciem,
716 4565 744 4616 ld
763 4571 814 4626 est,
834 4565 937 4629 aliquid
960 4565 987 4615 in
1006 4565 1135 4633 speciem,
1163 4562 1241 4617 eituut
1258 4575 1315 4631 gttttr

74 4645 160 4715 ftbeiu
197 4649 302 4702 Revera
320 4657 410 4705 auteur
430 4650 558 4718 quicquid
575 4652 676 4720 agitur,
705 4668 736 4706 eo
757 4652 852 4715 tendit,
874 4657 904 4702 ut
921 4650 1006 4703 biissa
1024 4651 1161 4721 papisticus
1181 4657 1209 4703 et
1226 4663 1313 4720 paps-

72 4739 118 4792 tus
136 4737 326 4794 restituatur.“
