3072 5208
234 318 301 394 tu
632 333 877 390 surrmnarra
904 335 991 390 naor·
1008 337 1082 392 raso.

234 496 321 558 mino
350 496 480 565 addant,
515 501 548 555 ct
576 491 636 554 iam
662 492 753 552 valde
775 493 866 552 multi
903 492 988 568 capti
1008 498 1079 554 sunt
1118 499 1150 552 et
1173 492 1278 552 allecti
1301 488 1452 567 supplicio.
1517 531 1518 538 ι

235 596 297 658 Sed
321 599 383 659 boc
406 605 455 658 est
493 597 610 672 hydrae
634 593 738 669 capita
760 610 918 667 resecare,
956 599 989 655 et
1012 611 1052 656 eo
1085 596 1216 673 adigere
1240 595 1395 664 homines,
1426 600 1454 651 nt

235 697 340 760 arnoia
366 703 508 761 extrema
530 703 662 759 tentent.
706 695 765 768 oui
799 697 935 758 maxime
964 715 1094 760 eausam
1115 696 1286 774 religionis
1309 711 1398 772 agere
1418 697 1454 754 ri·

210 801 445 870 derivolunt,
479 819 537 862 sua
559 798 803 876 intemperantia
842 803 1070 862 exacerbarunt
1103 800 1240 860 animum
1267 798 1398 876 Reginae
1417 801 1454 858 ri-

235 904 327 973 duae‚
351 920 430 980 quae
452 904 557 964 omnia
569 903 727 963 moderari
748 905 933 964 conabatur.
963 902 1104 964 Admissi
1128 902 1213 964 enim
1228 903 1268 963 ad
1282 902 1454 978 colloquium

236 1006 336 1080 ipsam
362 988 557 1082 eo⁸*adigere
581 1007 760 1075 voluerunt,
789 1012 828 1065 nt
847 1013 959 1082 aperte
981 1021 1017 1064 sc
1040 1005 1306 1082 gubernatoribus
1333 1021 1456 1079 oppone·

234 1112 292 1168 ret.
338 1110 412 1168 Corn
436 1126 548 1170 causas
574 1109 724 1196 adferret,
747 1125 845 1186 qrrare
866 1108 946 1169 baec
968 1108 1015 1168 ita
1035 1108 1189 1169 tieri¹non
1215 1111 1349 1186 possint,
1373 1107 1456 1168 inter-

235 1209 346 1272 ariarati
368 1217 441 1272 snut
464 1209 614 1272 indicium
636 1211 707 1282 Dei,
737 1218 771 1272 et
793 1211 942 1272 dixerunt
964 1209 1032 1286 ipsi·
1052 1211 1164 1272 eadem
1187 1211 1364 1282 imminere,
1386 1228 1457 1288 quae

235 1313 349 1374 morito
371 1315 572 1376 accidissent.
618 1315 665 1378 Ad
687 1315 882 1376 mentionem
903 1315 1012 1376 mariti
1034 1315 1156 1392 ingenti
1180 1317 1290 1376 dolore
1314 1316 1457 1392 perculsa,

236 1416 406 1479 nominauit
429 1435 486 1479 eos
509 1419 683 1480 sceleratos
708 1419 762 1496 qui
785 1417 848 1496 ipsi
871 1418 1047 1479 obiicerent
1060 1420 1282 1494 calamitatem,
1305 1436 1366 1496 qua
1386 1418 1458 1478 narllu

236 1521 336 1582 maior
358 1523 539 1598 contingere
562 1523 731 1599 potuisset,
755 1527 789 1585 et
810 1521 913 1583 statim
936 1522 1111 1584 iussit'eos
1133 1523 1233 1602 abire,
1255 1539 1314 1583 nee
1338 1522 1457 1596 amplius

236 1623 273 1684 ad
299 1639 335 1682 se
359 1624 474 1686 redire.
519 1626 594 1686 lam
617 1627 781 1703 sapienter
811 1623 912 1686 nostri
948 1624 1009 1686 hoo
1034 1626 1197 1702 negotium
1234 1631 1341 1702 agunt,
1375 1630 1405 1685 et
1434 1624 1458 1681 si
1519 1699 1520 1704 ἵ

236 1724 308 1801 qrris
331 1727 580 1790 moderationem
606 1729 747 1799 suadeat,
771 1737 886 1790 vocant
909 1745 981 1790 eum
1004 1729 1200 1806 proditorem
1223 1727 1401 1805 religionis.
1430 1727 1457 1784 ln

237 1827 382 1890 interiori
407 1832 574 1893 Germania
613 1833 834 1892 recrudescunt
870 1831 1131 1909 persecutiones,
1169 1838 1200 1891 et
1229 1831 1320 1891 multi
1344 1828 1458 1890 honesti

238 1928 339 2000 cives,
366 1949 405 1992 ex
428 1935 603 2010 antverpia
627 1939 658 1994 et
680 1933 755 1995 aliis
780 1933 891 1996 vicinis
918 1933 1048 1996 urbibus
1071 1937 1132 1995 huc
1156 1943 1186 1995 et
1209 1934 1240 1995 in
1258 1935 1401 2012 Angliam
1421 1933 1457 1991 tu-

236 2034 334 2114 giunt.
380 2037 446 2098 Rex
470 2036 642 2112 Hispaniae
680 2035 778 2098 utitur
813 2037 979 2100 bochello
1013 2038 1111 2115 (quod
1140 2037 1266 2098 videtur
1305 2035 1457 2096 imminere

238 2133 321 2197 inter
344 2137 451 2200 Gallos
476 2148 506 2199 ct
530 2139 662 2218 Angtos)
693 2146 841 2215 tanquam
865 2140 1035 2200 occasione
1071 2141 1109 2200 ad
1133 2139 1313 2200 terrendam
1337 2135 1457 2214 linguae

237 2237 398 2316 Reginum,
422 2257 504 2316 quae
528 2243 591 2304 iam
613 2250 698 2302 tinctu
721 2240 825 2319 ipsius
857 2241 1000 2304 restituit
1035 2243 1190 2320 imagines
1229 2247 1261 2302 et
1285 2257 1394 2301 cereos
1415 2257 1459 2300 ac·
1520 2305 1521 2336 1

237 2355 351 2402 censos
374 2343 405 2403 in
431 2363 489 2404 suo
513 2345 645 2416 sacello,
668 2342 901 2422 imperavitque
924 2343 1105 2420 Episcopis,
1127 2350 1162 2406 ut
1185 2345 1302 2406 iisdem
1328 2341 1457 2403 vestibus
1520 2345 1521 2410 l

236 2449 409 2516 uterentur,
443 2448 557 2523 quibus
591 2453 664 2509 ante
687 2445 894 2510 mutationem
927 2449 1103 2510 utebantur.
1149 2447 1244 2526 Angli
1277 2450 1340 2508 hoc
1376 2447 1457 2507 valde

238 2561 334 2625 aegre
356 2549 470 2621 terunt,
495 2558 525 2610 et
539 2557 681 2612 metuunt
705 2567 745 2611 ne
769 2551 919 2628 paulatim
942 2551 1209 2628 pluraconcedat,
1233 2552 1261 2612 si
1283 2550 1457 2627 praesertin

237 2647 416 2712 involvatur
437 2653 523 2714 bello
549 2651 682 2714 Gallico.
727 2653 761 2714 ln
784 2651 936 2728 Hispania
959 2655 1117 2715 innumeri
1145 2653 1376 2714 interficiuntur
1395 2671 1456 2730 pro-

239 2759 309 2828 pter
332 2754 531 2832 religionem.
576 2756 697 2818 Recens
721 2758 753 2819 in
777 2759 846 2819 solo
871 2757 1056 2819 Cataloniae
1080 2754 1245 2828 comitatu,
1268 2759 1310 2819 ad
1332 2758 1393 2818 duo
1413 2759 1457 2815 aut

236 2853 299 2918 tria
320 2857 423 2920 millia
443 2859 607 2922 bominum
628 2860 754 2922 luerunt
776 2859 922 2922 coniecta
943 2862 975 2924 in
989 2863 1124 2924 vincula.
1168 2860 1292 2924 Falsum
1317 2868 1364 2920 est
1385 2859 1455 2935 quod

238 2960 458 3025 audiveramus
482 2963 522 3024 de
544 2963 959 3041 archiepiscopo'totetano
982 2964 1093 3027 affecto
1117 2963 1289 3041 supplicio,
1311 2962 1393 3024 uiuit
1413 2961 1456 3022 ad·

239 3063 299 3122 lmc
333 3067 364 3122 ct
398 3073 447 3125 est
479 3065 620 3140 suspicio
657 3083 727 3126 earn
752 3087 812 3126 non
836 3070 904 3128 loro
928 3073 1131 3138 constantem.
1175 3067 1293 3128 Fortius
1317 3063 1457 3126 lltirzillus
1521 3055 1522 3060 ’

242 3166 400 3242 Hispanus
433 3169 603 3246 insigniter
639 3169 749 3228 doctus
786 3168 911 3248 lugiens
948 3169 1126 3232 incendium
1165 3166 1265 3244 periit
1298 3165 1457 3242 nanlragio.

240 3267 310 3330 ltali
346 3273 426 3330 berre
450 3279 578 3348 sperant
614 3273 654 3332 de
677 3275 737 3332 troc
759 3272 941 3338 Pontifice„
967 3273 1127 3334 Muranum
1151 3270 1350 3334 Cardirralem
1381 3266 1457 3330 iusti-

238 3374 298 3432 tuit
322 3373 555 3449 inqrrisitorem,
594 3379 626 3433 et
648 3376 775 3450 publice
799 3376 941 3436 hortatus
965 3382 1014 3436 est
1049 3392 1131 3444 eum,
1165 3381 1198 3434 ut
1229 3371 1456 3448 inquisitionem

239 3473 352 3536 leniter
375 3486 548 3540 exerceret.
592 3478 704 3554 Magna
728 3488 776 3538 cst
799 3495 942 3540 annonae
965 3479 1080 3541 caritas
1103 3479 1136 3539 in
1160 3478 1259 3548 ltalia,
1296 3484 1329 3538 et
1352 3472 1458 3552 praeri-

239 3595 301 3652 puc
325 3581 356 3641 in
379 3581 503 3642 Veneta
524 3580 656 3642 ditione.
703 3580 837 3642 Fratrem
861 3589 948 3642 taum
987 3600 1047 3642 non
1072 3582 1161 3657 potui
1199 3577 1381 3648 convenire,
1410 3574 1456 3635 sed

239 3681 276 3742 ll.
300 3681 520 3760 Sigisrnundus
554 3685 614 3746 tuit
638 3700 758 3748 mecum
793 3692 824 3746 et
848 3685 929 3748 dixit
966 3701 1017 3745 ros
1040 3701 1113 3746 suas
1135 3699 1209 3746 esse
1247 3681 1280 3747 ia
1304 3701 1366 3743 uon
1388 3679 1457 3742 cralo

239 3791 350 3848 statu..
377 3789 496 3850 Laudat
530 3789 705 3865 praecipue
738 3787 880 3850 Xilandri
904 3788 1129 3853 humanitatem
1162 3793 1195 3846 et
1218 3785 1457 3848 benevolentiam

239 3903 315 3966 erga
340 3906 386 3962 se,
421 3896 453 3950 et
476 3890 553 3952 dicit
576 3906 611 3952 se
634 3893 672 3954 ab
697 3907 736 3950 eo
767 3890 800 3952 in
825 3908 881 3954 sua
903 3891 1104 3969 professione
1127 3889 1257 3954 multum
1279 3887 1389 3954 iuvari.
1430 3887 1455 3944 ln

239 3991 309 4056 aula
331 3993 509 4070 dominatur
531 4009 637 4056 comes
660 3994 857 4056 Eberlrardus
879 3992 1075 4058 Erbacensis.
1120 3992 1333 4056 Minchuicius
1355 3990 1457 4052 nudius

238 4104 288 4157 est
322 4115 452 4173 prorsus
484 4098 675 4182 autoritatis,
707 4102 831 4173 putatur
865 4098 952 4159 brevi
993 4098 1081 4158 illinc
1114 4095 1323 4158 discessurus.
1368 4092 1457 4171 Ipsius

238 4197 393 4262 Electoris
416 4201 559 4262 laudatur
578 4199 760 4264 humanitas
784 4208 816 4264 et
838 4199 987 4278 probitas.
1033 4199 1171 4266 ltlarehio
1195 4200 1344 4260 albertus
1371 4195 1455 4258 seruet

238 4300 361 4362 dixisse
384 4306 481 4363 t'ertur
514 4304 553 4367 ud
575 4303 689 4366 nullam
712 4320 776 4364 rem
801 4320 874 4366 auru
897 4311 1003 4378 aptum
1027 4318 1101 4366 csse
1135 4299 1197 4362 nisi
1231 4302 1268 4362 ad
1294 4295 1455 4378 gignendos

238 4402 368 4464 liberos.
406 4405 494 4468 Mitto
519 4407 635 4468 Alciati
657 4405 768 4468 Daulis
792 4405 979 4467 stallorum
1005 4405 1157 4484 opuscula
1178 4402 1456 4477 astrapen-inmune

237 4504 367 4578 prinnnn
391 4509 486 4582 edim,
511 4527 591 4586 quae
614 4511 695 4572 torte
729 4514 821 4572 erunt
843 4509 977 4572 alicuius
1012 4527 1090 4570 usus
1127 4506 1158 4568 in
1182 4504 1398 4586 disputatione
1417 4499 1449 4558 de

239 4609 446 4674 translatione
469 4611 602 4686 tnperti.
646 4613 712 4676 Non
735 4620 855 4676 tant-um
876 4610 957 4674 milri
979 4609 1041 4674 luit
1063 4611 1122 4674 otii
1144 4616 1180 4670 ut
1204 4624 1242 4672 ea
1264 4609 1453 4684 perlegerent.
