3120 5206
509 311 754 364 suranuunnrn
773 312 856 364 anm
879 314 955 366 raso.
1310 295 1350 365 'll

203 467 359 542 Quidquid
389 474 496 528 autem
523 467 701 526 concedere
735 483 772 526 ac
801 467 908 526 facere
937 484 1073 544 unquam
1100 474 1229 545 potero,
1266 469 1351 543 quod

131 587 182 630 non
208 570 302 630 fuerit
333 576 440 631 corttra
463 571 592 632 verbum
621 569 674 628 dai
699 576 730 627 et
754 575 863 630 contra
884 570 1116 630 conscientiam
1141 587 1256 640 meam,
1288 571 1349 632 deo

130 672 227 741 darrte,
257 688 295 732 ea
318 673 351 732 in
374 670 443 754 ra¹)
475 689 544 736 cum
575 671 683 736 debita
712 672 895 733 reverentia
924 675 1110 748 praestabo,
1139 679 1174 732 nt
1196 675 1227 733 C.
1251 673 1290 732 M.
1315 674 1349 732 V.

129 782 285 850 cognoscat
320 771 405 850 me²t
437 775 615 834 Electorem
647 775 790 843 fidelem,
825 775 1042 844 obedientem,
1081 775 1283 856 tranquillum
1316 785 1349 836 et

127 877 204 952 pacis
227 879 376 954 cupidum
399 893 490 947 esse,
521 883 552 938 et
574 893 675 951 usque
700 878 739 938 ad
762 877 905 938 ultimum
935 879 1082 953 spiritum
1111 895 1237 954 semper
1264 896 1348 940 man·

102 996 219 1049 ¹summ
249 975 342 1050 ess‘e,
372 981 572 1053 maximeque
601 981 773 1040 abhorrere
805 981 843 1040 ab
875 981 983 1056 impiis
1014 988 1047 1038 et
1077 979 1270 1056 perniciosis
1294 981 1348 1040 do-

43 1093 46 1110 ·
124 1081 270 1155 gmatibus
302 1088 333 1140 et
363 1082 508 1142 consiliis
538 1080 738 1142 turbulentis.
794 1081 903 1156 Neque
934 1084 1101 1156 quisquam
1130 1082 1349 1156 deprehendet

42 1225 43 1258 q
124 1198 248 1256 unquam
271 1199 321 1242 me
344 1183 460 1244 talibus
483 1184 548 1244 ulla
572 1185 603 1243 in
627 1199 662 1242 re
685 1181 835 1261 favare³).

42 1263 44 1280 ι
199 1283 288 1356 Quod
317 1292 422 1346 autem
451 1301 509 1359 per
540 1287 602 1346 ista
634 1287 730 1346 verba
763 1281 833 1365 (alii
856 1286 935 1346 mihi
959 1286 1134 1366 coniuncti)
1160 1285 1274 1360 quibus
1297 1287 1348 1346 usi

40 1405 41 1410 ¹
122 1403 219 1446 sumus
243 1386 276 1448 in
300 1389 445 1464 proximo
469 1389 588 1463 scripto
616 1393 746 1463 propter
761 1385 909 1446 civitates
923 1388 1082 1464 Noribarg.
1100 1395 1132 1447 et
1147 1389 1348 1464 Neutlingen,

122 1489 248 1561 quaein
272 1489 416 1550 doctrina
447 1490 609 1550 nobiscum
640 1485 893 1566 consentiunt4),
925 1488 1163 1550 confoederatio
1194 1490 1347 1564 quaedam

121 1589 319 1667 intelligitur,
358 1609 418 1650 non
451 1606 631 1666 sperassem
665 1591 818 1659 fuam-mn,
857 1597 890 1648 ut
925 1590 1102 1649 adversarii
1139 1591 1219 1650 haec
1252 1595 1348 1652 verbo

121 1693 294 1776 captiosat)
319 1696 600 1769 interpretarentur
622 1692 661 1752 ud
685 1692 866 1754 irritandam
889 1693 920 1752 G.
945 1691 982 1750 Μ.
1009 1693 1046 1755 V.
1071 1700 1180 1753 contra
1201 1708 1261 1752 me.

196 1796 307 1871 Neque
329 1797 390 1856 fuit
413 1813 525 1864 causa,
549 1812 603 1856 cur
624 1795 681 1883 isti
705 1795 751 1854 sic
775 1794 1029 1867 suspicarentur,
1054 1801 1108 1856 aut
1122 1795 1236 1855 odiosa
1251 1797 1347 1855 inter·

119 1897 292 1971 pretatione
315 1905 552 1959 commoverent
566 1895 598 1962 C‘.
615 1897 654 1957 Nl.
667 1897 704 1954 V.
728 1904 837 1958 contra
859 1913 917 1956 me.
954 1897 1029 1958 Nam
1041 1894 1067 1981 ⁰)
1090 1898 1122 1957 iu
1136 1899 1346 1958 confessione

119 2015 164 2058 res
191 2002 373 2074 postulabat
400 2001 601 2064 subscribere
632 2000 729 2069 istos,
760 2000 816 2074 qui
847 1999 932 2060 idem
961 2001 1117 2070 sentiunt,
1148 2001 1223 2074 quia
1250 2001 1346 2060 facile

120 2101 245 2164 iudicari
276 2109 398 2178 potest,
433 2119 483 2164 me
508 2109 540 2163 et
563 2118 653 2164 meos
676 2101 795 2164 amicos
825 2103 856 2161 in
887 2108 950 2162 tam
978 2101 1085 2162 arduis
1113 2101 1254 2178 negotiis
1283 2120 1346 2164 non

32 2193 33 2236 3
120 2205 299 2266 exhibuisse
323 2205 557 2268 confessionem
581 2205 715 2266 aliorum
739 2222 850 2274 causa,
874 2219 978 2278 neque
998 2205 1153 2265 rationem
1167 2205 1346 2266 reddituros

122 2321 186 2366 esse
207 2308 250 2368 de
271 2309 434 2378 omnibus,
466 2324 547 2384 quaa
571 2309 604 2368 in
626 2309 701 2368 aliis
726 2307 807 2368 locis
830 2307 1022 2391 docenturl)
1046 2325 1106 2368 non
1132 2314 1346 2368 consentanea

30 2407 31 2412 ’
120 2418 238 2470 nostrae
262 2413 475 2482 confessioni,
499 2413 551 2472 cni
576 2412 829 2485 subscripsimus

196 2513 244 2572 Ad
274 2514 354 2574 haec
385 2516 474 2574 novit
496 2516 528 2574 C.
552 2515 590 2574 ttt.
613 2515 666 2583 V.‚
694 2513 770 2587 quid
798 2513 1035 2588 responderim,
1071 2529 1140 2572 cum
1170 2513 1209 2571 de
1234 2514 1345 2572 eadent

28 2617 29 2624 ³
120 2629 150 2672 re
170 2617 348 2688 perferrent
371 2617 410 2678 ad
432 2633 482 2678 me
504 2618 649 2680 mandata
673 2618 704 2676 u
728 2617 765 2676 bl.
790 2618 824 2676 V.
850 2632 954 2676 comes
979 2616 1018 2676 dc
1039 2617 1160 2676 Nassau
1184 2624 1215 2674 et
1238 2632 1345 2675 comas

121 2715 155 2774 de
176 2717 330 2780 Neweaar
358 2735 398 2780 ex
421 2718 569 2788 lnsbruk,
603 2736 695 2794 quatu
724 2721 965 2795 responsionem
983 2719 1035 2778 de
1065 2719 1345 2780 confoederatione

119 2833 239 2892 precor,
262 2821 334 2905 ut⁸)
358 2824 389 2884 C.
411 2822 449 2885 tt.
470 2822 505 2882 V.
531 2829 562 2882 et
585 2822 638 2882 hic
661 2822 821 2882 recordari
846 2821 967 2900 velitll.

195 2921 282 2994 Quod
306 2941 383 2988 vero
410 2925 505 2986 etiam
529 2925 569 2984 de
592 2923 750 2986 Helvetiis
774 2925 947 2984 falsissime
971 2923 1152 2995 insimulor,
1178 2925 1269 3001 quasi
1293 2931 1347 2985 aut

121 3025 323 3098 expetiverirn
347 3027 473 3087 illorum
497 3027 701 3093 societatem,
730 3032 785 3085 aut
808 3042 877 3086 curn
901 3025 949 3086 eis
972 3025 1086 3086 foedus
1110 3026 1240 3100 aliquod
1261 3026 1345 3085 fece·

120 3123 186 3193 rim,
210 3144 284 3195 oro,
300 3143 348 3197 ne
373 3130 511 3204 patiatur
534 3129 566 3188 C.
590 3128 629 3186 ttt.
653 3128 688 3186 V.
712 3128 849 3188 antimum
873 3143 1005 3186 suumn
1031 3141 1079 3184 me
1103 3126 1278 3186 abalienari
1300 3133 1345 3187 ta-

121 3225 193 3288 libus
214 3229 400 3290 criminibus
423 3231 591 3291 manifeste
615 3231 713 3290 falsis.
767 3228 819 3290 Sic
843 3229 928 3288 enirn
958 3229 1157 3306 respondeo,
1187 3229 1346 3290 neminem

120 3333 288 3392 mortalium
312 3335 422 3394 vivere
446 3351 579 3409 usquam
592 3331 644 3416 ¹⁰),
669 3333 723 3407 qui
747 3347 823 3390 vere
846 3331 954 3390 dicere
978 3337 1031 3391 aut
1054 3332 1211 3390 affirmare
1230 3332 1345 3418 possit,

119 3431 315 3444 *-

198 3467 223 3533 1)
250 3484 283 3520 ea
302 3469 330 3520 in
350 3467 390 3534 re]
412 3471 451 3522 sic
472 3467 553 3530 God.;
573 3467 677 3534 Clyte:
699 3483 731 3518 ea
750 3483 795 3528 re;
815 3466 888 3533 apud
908 3467 1024 3518 Goelest
1044 3471 1151 3518 desunt

196 3554 224 3622 2)
250 3555 306 3621 me]
327 3557 400 3624 apud
419 3555 510 3621 thts.
529 3556 618 3608 deest.

195 3642 221 3706 3)
246 3642 338 3706 Neque
358 3643 500 3706 quisquam
517 3669 552 3679 -
570 3643 685 3710 favere]
704 3644 773 3693 haec
788 3643 866 3710 apud
886 3640 1002 3693 Goelcst.
1023 3640 1131 3693 desunt.

194 3727 1075 3794 Nmmmmdmmdmwmmfflmammm

196 3811 1275 3882 Nwfflmhmfflmdfflmammwmwssmmmmmmw

195 3899 221 3962 t)
246 3896 327 3963 Nam]
349 3899 422 3966 apud
441 3897 558 3950 Coelest.
579 3905 605 3948 et
626 3899 718 3964 Gltytr.
738 3899 826 3950 deest.

194 3951 1050 4049 lssmmflmwdffwmmffimammmr

194 4069 220 4132 8)
245 4067 287 4135 ut]
314 4070 387 4135 apud
406 4067 498 4136 Chytr.
518 4071 605 4121 deest.
911 4081 913 4084 ·

195 4153 224 4219 9)
248 4171 307 4206 cum
335 4156 368 4206 de
394 4157 489 4207 eadem
514 4173 595 4206 re-
613 4156 804 4207 -recordari
829 4154 919 4220 velit]
948 4153 1077 4206 Occidet:
1107 4170 1166 4205 curn
1192 4154 1225 4204 ds
1251 4152 1345 4204 eodem

119 4239 219 4300 negotio
238 4239 267 4295 G.
288 4240 322 4292 Nl.
343 4241 376 4292 V.
410 4241 508 4306 Legati
529 4241 625 4293 Comes
644 4241 808 4292 Nassaensis
829 4247 855 4291 et
875 4240 971 4291 Comes
989 4239 1189 4292 Nevenarensis
1210 4255 1243 4290 ax
1263 4237 1344 4288 Ocni·

118 4327 193 4384 ponte
212 4325 245 4375 ad
262 4341 305 4376 me
324 4326 454 4387 mandata
471 4327 641 4395 perferrent,
669 4327 746 4378 cuius
771 4327 807 4381 de
835 4325 1076 4377 confoederatione
1095 4325 1295 4392 responsionis,
1314 4327 1344 4372 ut

119 4403 146 4454 G.
165 4407 197 4459 tt.
217 4412 248 4465 V.
276 4419 303 4462 et
322 4412 366 4462 hic
385 4414 524 4465 recordari
546 4415 625 4478 velit,
649 4430 755 4482 precor.
773 4439 808 4452 -·
833 4411 921 4476 (Hanc
945 4413 1152 4481 responsionem
1175 4411 1237 4462 vide
1261 4421 1345 4478 supra
1408 4439 1413 4450 ›
1510 4395 1512 4460 ,¹

117 4493 267 4556 plat—59.
287 4497 337 4550 Nc.
357 4498 416 4563 68.)

183 4579 224 4644 10)
246 4583 391 4649 usquam,]
413 4585 543 4640 coelest:
562 4589 681 4654 uspiam,
