3120 5206
173 321 214 390 lu
570 319 813 392 supposuerim
834 340 915 390 uum
938 344 1012 396 leco.

174 497 247 556 labo
272 513 407 566 meemu,
432 499 459 556 si
487 497 621 572 plurima
643 515 697 566 ae,
721 503 755 556 ul
781 499 883 567 soles,
917 500 1131 572 pulcherrima
1155 499 1345 575 saepissime
1370 501 1412 562 ad

173 599 352 676 Philippum
376 601 554 676 scripseris

259 701 337 762 Vale
361 710 391 761 et
414 704 670 779 exleiuporariae
692 703 857 779 Epislolee
890 719 1010 780 quaeso
1037 684 1205 782 ignoscas,
1242 707 1286 766 mi
1307 719 1412 768 euleu·

174 805 299 865 tissime
321 806 425 867 sceler.
471 805 515 866 Ex
540 807 689 884 'subiuga
721 803 844 888 (1520.)

1010 894 1177 970 Philippus
1201 899 1282 956 locis.

689 997 894 1008 -------,-

176 1114 223 1174 lu.
269 1117 321 1172 No.
338 1115 376 1174 ul
387 1113 407 1172 ἆ.
452 1111 532 1196 (Vol.
543 1120 567 1175 Ι.
588 1137 617 1191 p.
629 1113 719 1199 ala.)
1183 1113 1294 1199 (eodem
1307 1119 1416 1196 ano0P)

276 1201 411 1230 Μ
1191 1205 1386 1232 Μ

587 1274 778 1346 Ambrosio
805 1277 997 1348 Bluurero.

244 1389 441 1456 apographum
461 1405 495 1440 ex
517 1390 614 1442 eedem
634 1389 799 1442 collectione
819 1389 980 1442 Slmlerleuc
999 1393 1103 1444 curavit
1123 1391 1162 1444 ΕΙ.
1183 1393 1214 1444 V.
1237 1395 1386 1460 Vueyelin.

431 1508 468 1570 A
478 1509 653 1573 cabrosio
672 1509 848 1579 morer,
871 1510 1155 1575 Alberoseaclso.

261 1631 350 1702 Quod
383 1632 488 1710 egitur
526 1633 563 1691 ab
600 1647 649 1690 me
681 1631 887 1707 peueloiibus
925 1631 1056 1704 Tecmo,
1095 1615 1250 1694 ilmbrosi‘
1279 1634 1414 1702 diserle,

176 1752 268 1810 quum
294 1742 325 1795 el
348 1732 510 1796 amiciliae
533 1733 706 1796 communis
730 1732 828 1806 calio,
853 1743 885 1796 el
908 1735 1112 1812 desyderium
1135 1736 1214 1796 lecal
1235 1752 1354 1804 meum,
1379 1733 1414 1794 iu

175 1855 270 1900 causa
301 1839 415 1915 parlim
444 1838 606 1916 peregrini
643 1839 769 1900 labores
800 1847 888 1910 suul,
927 1839 1041 1915 quibus
1069 1839 1184 1900 mirum
1211 1847 1246 1900 ul
1275 1839 1414 1900 moleste

176 1956 346 2012 exerceor,
370 1941 483 2016 parlim
507 1943 536 2003 τὶ
560 1935 696 2021 ἄκαιρον
718 1943 974 2003 'labellariorum
1020 1944 1136 2003 Tamen
1161 1943 1204 2003 ila
1227 1943 1336 2012 soleo,
1361 1941 1412 2000 vel

176 2043 441 2120 occupatissimus
465 2044 610 2106 nonnihil
629 2045 770 2106 scribere
784 2052 963 2122 mcunquc,
985 2065 1048 2108 nou
1064 2065 1127 2122 quo
1143 2044 1285 2109 blaudilu·
1298 2045 1414 2114 amieo,

92 2210 98 2219 ,
177 2147 233 2208 sed
257 2163 318 2223 quo
343 2153 433 2222 pulel
457 2148 485 2209 is
509 2147 616 2208 olficio
640 2150 679 2211 ab
703 2164 753 2208 me
776 2149 890 2209 leolum
913 2151 1010 2220 salle,
1038 2165 1215 2226 quanquam
1238 2149 1302 2210 uisi
1324 2154 1414 2210 recle

176 2253 247 2320 fiel,
276 2269 339 2312 ocu
365 2251 457 2322 video
488 2267 542 2312 cur
572 2254 730 2328 appellem
762 2253 967 2314 satisfactum.
1010 2254 1059 2314 Fil
1081 2260 1186 2316 aulem
1211 2259 1313 2323 recle.
1343 2269 1414 2316 cuiu

176 2355 278 2418 amico
301 2361 424 2431 gratum
446 2355 490 2414 fit.
541 2355 574 2416 ld
598 2357 626 2416 si
649 2363 683 2416 lu
706 2375 767 2418 uou
797 2357 895 2418 lalsus
918 2356 1093 2434 inlelligis,
1131 2355 1220 2418 vides
1251 2357 1283 2418 iu
1307 2361 1339 2416 le
1362 2366 1411 2416 re-

175 2465 295 2520 liusem
321 2462 475 2536 tragulam
504 2467 625 2538 grulum
656 2475 731 2520 esse
759 2479 820 2522 nou
851 2462 970 2537 poleril
1002 2460 1145 2536 quidvis,
1180 2461 1213 2520 ui
1243 2459 1315 2534 ipse
1345 2465 1413 2520 lule

176 2561 310 2628 adiicias
334 2565 479 2624 animum.
516 2563 553 2624 El
576 2561 771 2624 mercenaria
790 2563 923 2627 lorsilau
943 2564 1024 2626 calio
1040 2563 1111 2624 Tibi
1126 2563 1413 2632 uidebiturallera,

176 2679 231 2726 cui·
261 2664 405 2728 scribam.
456 2665 566 2729 Scribo
600 2667 684 2729 cuim
708 2683 770 2741 quo
795 2667 1022 2742 pulcherrimus
1046 2673 1115 2728 luas
1139 2666 1266 2728 eliciam
1288 2666 1412 2726 Lileuas

175 2756 351 2832 uec-lale
383 2777 437 2830 aul
474 2776 558 2830 certe
595 2770 682 2830 illum
715 2762 896 2852 ἀμβροσίην
931 2762 1035 2844 addaiu
1095 2752 1172 2828 R'em
1206 2776 1308 2830 leues.
1364 2769 1414 2832 De

176 2869 396 2946 Scephislerio
428 2872 479 2932 vel
509 2869 706 2948 Scapislerio
736 2872 896 2932 dubilalur
925 2887 1027 2949 nuper
1050 2877 1082 2932 el
1105 2888 1166 2948 ego
1190 2870 1318 2941 dubilo,
1349 2869 1413 2932 uisi

178 2972 262 3048 quod
290 2972 330 3032 ad
359 2989 424 3035 rem
454 2974 529 3036 lucil
553 2975 635 3050 quod
660 2977 743 3052 apud
766 2975 926 3036 Bellueem
950 2973 1062 3037 lulium
1077 2973 1101 3058 l)
1132 2973 1249 3051 legitur
1273 2979 1305 3034 el
1328 2973 1413 3049 apud

177 3074 304 3136 Suidam
328 3077 443 3152 quibus
467 3079 594 3156 probari
622 3080 701 3142 mihi
731 3086 874 3140 neutum]
898 3095 996 3154 posse
1020 3079 1152 3140 videlur.
1198 3077 1243 3138 Eu
1266 3077 1337 3139 'libi
1360 3077 1413 3136 vel

177 3178 413 3256 Scepaslerium
436 3184 511 3243 volo
542 3185 649 3260 legas,
679 3183 763 3258 quod
796 3180 829 3246 ἐν
851 3190 919 3257 τοῖς
941 3179 1048 3246 ὅπλων
1079 3175 1236 3262 ὀνόμασιν
1264 3178 1411 3255 Bellux¹l

122 3272 127 3281 ¹
177 3290 324 3343 recensel
346 3287 548 3346 lectoriolum
570 3303 589 3346 a
612 3283 756 3362 σκεπάζω
780 3289 895 3356 verbo,
926 3293 958 3346 el
982 3285 1101 3358 σκέπας
1122 3285 1205 3347 iuter
1228 3285 1292 3346 aliu
1315 3282 1413 3360 sigui-

176 3388 270 3446 ficala
293 3388 464 3450 volubilem
480 3387 705 3450 Macedonibus
721 3391 841 3452 Pelium
861 3396 969 3460 soual,
996 3390 1044 3450 vel
1062 3395 1219 3470 σκαφεῖον
1234 3383 1416 3464 σκαπάνην·

177 3505 231 3578 ve
247 3506 379 3564 quorum
407 3498 575 3568 utcumque
603 3494 745 3568 cymbam
776 3510 942 3561 vocemus,
973 3488 1169 3574 σκεπαστᾶρι
1197 3507 1276 3553 vero
1299 3491 1414 3553 iudeus

179 3593 235 3652 ille
252 3590 426 3663 Paruulus,
451 3611 525 3669 quo,
550 3611 632 3669 quae
653 3595 683 3656 iu
700 3598 826 3672 cymbas
849 3601 1002 3673 eougeslc
1026 3601 1114 3666 sunl,
1139 3599 1302 3656 veiluulm·
1325 3609 1423 3655 exeun

179 3691 362 3772 ceuluique.
419 3698 546 3760 Interim
577 3701 605 3763 si
637 3700 713 3775 quid
745 3699 855 3762 videro
887 3699 1019 3770 melina,
1050 3699 1202 3768 scribam,
1232 3704 1263 3757 el
1293 3698 1339 3758 'lu
1366 3713 1413 3757 re-

110 3835 113 3842 .
180 3801 302 3872 scribe,
325 3819 398 3864 uuui
422 3803 639 3879 probabiliora
660 3804 788 3881 legeris.
834 3803 930 3873 Vale,
954 3805 1039 3864 Tuus
1061 3821 1130 3864 sum

1112 3904 1287 3981 Philippus.

695 4011 900 4022 -——.-

183 4131 230 4191 ll.
280 4133 419 4235 {lodi-⁸.
464 4130 731 4212 (milipeda.)
851 4203 853 4207 ι
1184 4124 1414 4206 (eodemeouoP)

295 4223 420 4248 Μ
1197 4215 1392 4240 Μ

501 4275 670 4364 Prc'ueipi
702 4274 863 4342 Electori
891 4274 1092 4343 Sauoniue.

247 4389 289 4440 Ex
313 4405 372 4442 ean
396 4391 432 4440 de
460 4391 549 4442 Velde
578 4387 745 4468 Ptvoleesorle
771 4387 951 4439 Lovuuiensia
979 4387 1123 4454 apparatu
1147 4383 1415 4448 Melauelitlionicuo‚

284 4493 362 4540 quem
380 4475 452 4528 Prol.
471 4475 516 4526 Dr.
536 4477 610 4542 Auy.
631 4473 755 4528 Scleler
773 4473 860 4525 edidit
878 4474 905 4523 in
927 4471 962 4522 cl.
983 4471 1015 4524 V.
1033 4469 1081 4525 Dr.
1100 4471 1228 4524 liuberti
1245 4469 1417 4522 Naumamu

268 4643 293 4708 l)
318 4646 337 4700 i.
351 4660 374 4694 e.
394 4643 491 4694 lulium
509 4642 659 4707 Pollucem,
684 4648 822 4695 auctorem
840 4639 1020 4692 Ouomeeliei.
