3072 5208
441 353 687 408 surrentinum
709 353 790 408 oum
812 355 886 410 raca
1218 336 1289 410 m

66 507 91 565 id
112 507 213 568 verbis
238 507 395 586 expedire
418 507 496 572 salis
520 525 685 584 nequeam.
730 509 809 572 Sunt
832 492 919 574 euim
942 507 1019 572 mihi
1044 511 1143 574 instar
1158 507 1290 573 maximi

66 615 90 667 et
111 609 338 692 pretiosissimi
360 611 519 684 muueris,
551 611 758 690 potissimum
782 614 896 684 ctiam,
928 613 1012 688 quod
1043 620 1107 676 tem
1130 614 1233 674 amice
1256 619 1290 674 et

65 712 191 772 suaviter
222 714 388 790 copiosius
420 714 598 785 scribendi,
627 714 658 778 si
688 732 861 793 exposcam
891 731 1019 794 operam
1050 721 1134 778 tuam
1165 712 1291 778 alditi-

64 813 188 890 gentiam
213 817 376 877 obtuleris.
423 817 534 880 Ausim
558 819 682 888 dicere,
713 820 872 896 teipsam
903 834 977 880 esso
1007 816 1201 887 amicitiam,
1236 817 1291 894 qui

64 917 187 980 advola
211 919 306 980 amici
328 926 390 985 taur
415 920 551 998 inpense
576 930 608 982 et
630 922 702 983 lusa
724 929 757 982 te
781 921 965 998 impertias,
992 922 1028 984 fit
1051 923 1112 982 hoe
1134 939 1197 982 non
1219 923 1291 982 ahs-

65 1035 115 1094 qna
136 1021 274 1084 numinis
298 1025 410 1086 sumini
436 1023 653 1100 aspiratione,
678 1026 763 1101 quod
786 1032 886 1087 tolum
908 1031 941 1086 te
965 1024 1154 1086 moderatur.
1193 1025 1290 1086 Cuius

64 1121 169 1200 scripta
192 1131 247 1186 tua
269 1127 443 1188 certissimi
467 1134 538 1188 sunl
561 1135 679 1198 testes,
711 1144 751 1190 ex
775 1130 848 1190 sinu
871 1133 1069 1205 pectoreque
1093 1125 1212 1188 Christi
1235 1127 1289 1188 de·
1328 1137 1337 1146 “

65 1233 189 1300 promta,
219 1245 335 1290 arcana
356 1231 416 1292 Dei
447 1230 697 1309 expressissima
719 1229 896 1301 madentia,
925 1235 961 1290 ut
983 1228 1098 1292 merito
1121 1234 1170 1298 te,
1194 1229 1292 1292 dona-

65 1345 116 1402 que
136 1335 189 1390 tua
214 1332 358 1392 omuibus
382 1332 447 1410 piis
471 1335 628 1412 gratuler,
659 1331 715 1409 qui
736 1334 838 1395 Deum
868 1334 900 1394 in
929 1340 963 1394 te
985 1333 1170 1407 loquentem
1194 1332 1291 1394 seuti-

64 1440 109 1492 urt
131 1439 162 1493 cl
184 1435 421 1510 depraedicant.
468 1436 610 1514 ldeoque
632 1437 753 1513 gratias
776 1443 888 1513 agunt,
915 1436 1092 1510 laudesque
1114 1434 1291 1497 decantant.

65 1534 165 1618 Libere
188 1543 221 1596 et
245 1538 379 1598 candide
403 1541 527 1616 loquor,
551 1545 635 1600 teste
657 1539 857 1603 couscientia
872 1556 953 1608 mea,
977 1555 1038 1600 uec
1052 1537 1174 1607 adulor,
1196 1537 1291 1600 modo

65 1654 218 1714 precemur
246 1642 431 1712 Dominum,
469 1659 509 1704 ne
541 1658 581 1704 ex
611 1651 718 1704 nostro
744 1643 862 1704 affectu
891 1641 1070 1704 Ecclesiam
1097 1641 1164 1702 ullo
1198 1647 1292 1718 pacto

65 1741 191 1810 turbari,
222 1741 337 1804 nedum
360 1744 463 1822 afiligi
486 1746 540 1805 vel
562 1744 666 1806 scindi
691 1746 792 1814 sinat,
823 1761 905 1820 quae
936 1743 1018 1804 alias
1050 1742 1215 1806 immensis
1239 1741 1293 1804 Sa·

65 1850 146 1904 tanae
169 1843 343 1906 insultibus
367 1848 582 1916 conflictatur,
608 1848 664 1908 sed
689 1839 950 1924 nostrapectcra
973 1847 1067 1908 diicat
1081 1853 1114 1906 et
1127 1847 1294 1923 gubernet,
1366 1841 1373 1846 ’

67 1963 117 2020 quo
141 1947 172 2008 iu
196 1948 261 2008 fide
285 1947 461 2012 illustriora
489 1949 615 2012 reddita
643 1951 762 2011 fructus
793 1948 1032 2027 progermiuent
1055 1955 1087 2010 et
1110 1950 1295 2026 protrudunt

67 2042 267 2120 salubriores,
298 2053 423 2114 sublato
449 2054 535 2136 omni
558 2053 677 2122 livore,
709 2053 924 2122 detractione,
955 2051 1165 2115 amarulentis
1189 2059 1221 2114 et
1244 2069 1294 2114 ca-

67 2149 201 2222 lumniis,
234 2155 274 2214 ad
304 2155 388 2230 quod
418 2165 451 2215 te
481 2155 753 2232 promptissimum
779 2155 916 2232 accipio.
962 2153 1150 2218 Studeamus
1185 2155 1295 2231 itaque

68 2256 269 2317 communioni
292 2258 494 2330 Sanctorum,
518 2276 601 2335 quae
623 2279 641 2321 a
665 2259 760 2321 nohis
783 2260 965 2328 excolatur,
995 2258 1142 2320 foveatur
1165 2266 1198 2320 et
1221 2273 1295 2320 eve-

69 2355 164 2426 hatur,
186 2360 216 2420 si
240 2377 322 2434 quae
345 2362 449 2422 minus
473 2362 631 2432 arrident,
661 2369 695 2422 ut
718 2361 816 2432 nihil,
849 2361 933 2436 quod
956 2378 1019 2420 non
1043 2359 1217 2435 aliquando
1240 2359 1305 2420 de-'

70 2458 145 2520 liciat
170 2479 207 2522 ac
230 2463 388 2524 claudicet
414 2466 498 2542 apud
523 2481 667 2542 quosque
690 2466 854 2536 homines,
877 2463 1074 2539 benignitate
1097 2465 1296 2539 oblegamus,

70 2562 160 2624 amice
188 2566 387 2628 admonendo
417 2567 671 2640 dissimulemus,
707 2567 893 2645 mitigemus
925 2573 957 2627 et
986 2564 1153 2628 leniamus.
1206 2565 1297 2636 Quod

71 2664 190 2748 quiaJtu
213 2685 369 2746 nusquam
390 2687 453 2732 nou
478 2669 576 2740 lacis,
613 2669 688 2732 ideo
710 2676 817 2734 tamen
842 2670 966 2740 scribo,
995 2675 1029 2728 ut
1053 2675 1085 2742 et
1107 2685 1158 2730 me
1181 2670 1213 2730 in
1237 2671 1299 2730 hoo

70 2771 259 2844 propendere
291 2775 430 2844 sentias,
460 2775 492 2834 id
522 2773 653 2836 summis
683 2775 769 2836 votis
802 2780 965 2850 expetere.
1022 2771 1130 2834 Mutua
1151 2771 1298 2836 defensio

71 2870 218 2936 tutissima
247 2883 314 2946 est,
345 2894 441 2952 quarm
471 2875 657 2940 calamitoso
687 2879 748 2938 hoc
778 2879 853 2940 flatu
884 2877 1038 2937 debemus
1068 2878 1170 2938 πᾶσιν
1198 2873 1300 2960 ἴχνεσι

72 2968 173 3048 ζητεῖν,
197 2978 282 3052 quod
306 2979 380 3038 inde
404 2979 531 3055 plurimi
554 2979 673 3040 irrrctus
695 2978 727 3040 iu
747 2978 924 3040 Ecclesiam
947 2977 1169 3048 redundarent,
1193 2995 1298 3055 neque

71 3074 169 3142 hostes
188 3082 291 3142 nostri
313 3083 483 3152 haberent,
509 3082 594 3158 quod
617 3083 847 3144 calumnientur
870 3090 980 3144 nostro
1004 3082 1127 3142 merito.

147 3180 233 3251 Quod
254 3183 292 3244 ad
318 3185 456 3246 Coenam
478 3185 593 3246 attinet
612 3183 832 3253 Dominicam,
856 3185 961 3244 sentio
986 3183 1089 3260 ipsam
1112 3183 1298 3261 promissio·

73 3302 134 3344 uum
147 3287 407 3366 Evangelicarum
431 3304 504 3350 esse
532 3289 766 3351 caeremoniam
788 3286 928 3348 additam
952 3293 985 3347 et.
1008 3285 1126 3364 pignus
1148 3304 1186 3347 ao
1208 3285 1299 3348 testi·
1368 3349 1383 3370 l

73 3387 200 3452 nonium
221 3390 300 3460 Dei,
332 3407 395 3466 quo
419 3397 634 3460 contestetur,
664 3397 764 3453 totum
788 3390 947 3450 Christum
970 3405 1040 3450 cum
1063 3389 1208 3450 omnihus
1231 3390 1299 3452 suis

73 3489 214 3554 fructibus
237 3492 484 3563 incarnationis,
515 3494 677 3568 passionis
702 3500 734 3554 et
758 3491 1023 3560 resurrectionis,
1047 3497 1187 3553 nostrum
1215 3508 1299 3562 esse,

74 3590 176 3674 sififide
198 3598 305 3674 ipsum
334 3597 627 3673 adprehendentes,
656 3602 752 3671 atque
782 3597 843 3658 Dei
872 3593 1031 3656 beneficia
1060 3610 1117 3670 per
1140 3593 1300 3656 Christum

74 3697 155 3760 nobis
184 3699 341 3778 praestita
369 3715 667 3769 commemoremus,
701 3715 778 3760 sane
800 3716 858 3776 per
881 3697 1071 3774 baptismum
1098 3697 1242 3759 venimus
1267 3703 1300 3758 et

74 3808 245 3878 cooptamur
276 3802 309 3862 iu
333 3802 453 3864 Christi
478 3801 671 3864 consortium
697 3809 728 3860 et
752 3801 1035 3878 participationem
1059 3816 1129 3860 cnm
1154 3815 1193 3860 eo
1218 3817 1299 3861 mor-

74 3902 130 3972 tui,
157 3913 186 3966 et
209 3925 225 3967 a
250 3914 352 3967 morte
383 3905 530 3966 suscitati
561 3921 618 3982 per
648 3906 927 3982 regenerationem
957 3903 989 3963 iu
1014 3901 1101 3962 vitae
1132 3902 1299 3968 sanctimo-

76 4007 164 4079 niam,
187 4018 218 4070 el
242 4010 403 4086 quianon
427 4007 493 4070 nisi
515 4009 578 4070 lide
602 4010 683 4070 fixas
707 4008 741 4068 in
766 4006 893 4069 Christo
919 4006 1042 4068 radices
1066 4007 1228 4076 habemus,
1252 4004 1298 4064 ia-

76 4108 124 4168 siti
148 4111 209 4185 illi3
246 4112 352 4174 sentio
383 4114 466 4174 hunc
497 4127 584 4174 esurii
615 4112 707 4188 panis
737 4111 770 4170 ia
799 4113 906 4172 Coena
935 4107 1202 4171 contestationem
1225 4123 1301 4168 esse

77 4213 198 4276 exhibiti
221 4215 302 4276 mihi
332 4222 363 4276 et
394 4214 542 4288 praestiti
565 4215 693 4276 Christi.
747 4213 824 4276 Sunt
855 4215 937 4276 euim
962 4212 1162 4275 Sacramenta
1192 4217 1301 4273 nostra

77 4314 158 4390 sigua
179 4317 392 4380 exhibitorum
418 4319 660 4386 beneficiorum,
694 4317 956 4392 quemadmodum
980 4316 1076 4392 Legis
1100 4314 1302 4378 Sacramenta

78 4413 159 4492 signa
190 4421 363 4482 lutrirorum
400 4427 432 4482 et
462 4421 491 4480 in
524 4421 649 4482 Christo
688 4419 966 4496 praestandorum,
1002 4419 1102 4478 mere.
1160 4418 1300 4492 ideoque

79 4517 173 4580 Coena
200 4523 414 4597 irequeulatur
448 4523 486 4582 ad
516 4524 610 4584 fidem
641 4531 778 4583 nostram
812 4521 1019 4598 vegetandam
1052 4529 1082 4580 et
1115 4521 1298 4580 confirmau-

84 4620 160 4692 dam,
191 4624 273 4699 qnod
296 4624 501 4700 praecipuum
539 4623 571 4684 iri
603 4627 663 4686 hoc
693 4626 734 4684 sit
766 4626 889 4692 Coena,
926 4623 1008 4698 quod
1038 4623 1124 4684 Deus
1154 4626 1300 4692 testatur,
