3072 5208
463 323 710 378 sarriendum
730 321 811 375 unm
837 324 912 377 racc.
1232 297 1304 372 ela

85 480 250 558 principes,
282 488 314 540 et
335 480 490 542 adhibitis
522 480 563 540 iis
589 494 722 555 quorum
746 493 815 540 erat
838 479 975 540 valitura
1006 473 1185 540 autoritas?
1237 473 1303 536 Non

11 593 15 608 ·
84 581 142 640 vidi
168 585 260 642 antee
289 581 482 642 Merclrionis
513 581 641 652 literas,
677 600 716 642 ac
745 584 813 642 scio
843 577 1029 642 Latinarum
1064 599 1126 642 non
1158 579 1304 640 consulto

84 683 201 744 celasse.
246 684 312 745 Sed
335 683 469 758 quedam
492 681 720 760 desperatione
751 689 857 744 tantae
890 681 937 742 rei
967 680 1185 763 negligentius
1210 680 1306 741 etde

83 783 154 845 libro
177 785 270 845 etde
294 785 346 845 lris
370 785 475 846 literis
499 771 663 863 cogitarit.
716 767 778 845 Sed
801 791 905 845 tamen
937 787 998 845 iam
1023 783 1140 861 legatis
1163 782 1305 844 modere-

82 885 194 948 tissime
218 888 410 965 respondit‚'
435 887 601 966 pollicitus
632 886 728 948 ctiam
759 889 794 946 rit
825 883 921 947 aridio
948 901 983 946 se
1013 885 1202 962 scripturum
1224 881 1307 968 πρὸς

11 1025 12 1028 =
82 987 128 1051 τὸν
148 985 376 1073 αὐτοκράτορα.
431 993 533 1052 Deum
565 997 683 1050 orout
713 997 745 1048 et
773 987 955 1065 principum
976 994 1100 1049 mentes
1124 993 1157 1048 et
1179 991 1305 1049 nostras

82 1096 223 1168 gubernet
260 1093 299 1154 ad
334 1109 531 1154 communem
567 1094 709 1153 salutern.
767 1091 924 1152 Privatam
959 1089 1130 1152 amicitiam
1166 1098 1306 1152 nostram
1408 1109 1412 1116 ·

82 1213 149 1258 vera
169 1196 395 1257 benevolentia
426 1213 463 1256 ac
487 1202 645 1272 perpetua
674 1196 805 1263 tuebor,
834 1193 930 1271 cupio
962 1202 993 1253 et
1023 1195 1181 1270 publicam
1211 1195 1305 1264 tueri,

11 1367 12 1384 ἒ
83 1307 109 1359 et
128 1301 226 1360 Deum
247 1317 306 1360 oro
329 1306 364 1358 ul
387 1300 468 1359 hoec
491 1297 622 1375 negotia
645 1305 743 1374 regat.
797 1297 863 1358 Non
893 1313 1025 1374 possum
1053 1297 1306 1373 hicxrecensere

11 1431 13 1470 r
82 1419 163 1476 quern
187 1404 286 1464 multa
307 1400 388 1462 nrilri
412 1401 444 1461 in
468 1406 604 1464 mentem
630 1401 759 1461 veniant.
786 1399 941 1478 cogitanti
965 1399 1104 1462 omnium
1126 1406 1306 1477 temporum

11 1493 12 1570 Ῠ
81 1503 235 1566 Ecclesiae
250 1503 438 1574 historiam,
463 1510 495 1564 et
510 1503 736 1564 inclinationes
750 1511 896 1565 veterum
909 1501 1135 1580 imperiorum,
1160 1510 1192 1565 et
1206 1502 1305 1581 signi-

11 1643 12 1688 3
82 1608 237 1669 lectiones
274 1609 386 1667 horum
422 1606 600 1668 animorum
639 1605 755 1682 quibus
786 1605 882 1668 etiam
912 1621 1052 1668 moveor.
1104 1608 1190 1666 Bene
1222 1607 1306 1667 vale.

11 1725 12 1742 l
82 1709 211 1772 Salutem
235 1717 311 1788 opto
335 1707 654 1784 dominqucod01).
1286 1713 1289 1720 ⁴

821 1809 987 1888 Philippus
1010 1811 1200 1875 Melanthon.

587 1966 792 1978 *nn-

84 2102 144 2161 un
177 2104 355 2162 uaecasr.
401 2098 544 2184 (vum.
567 2123 596 2178 p.
614 2103 712 2188 aaa.)
1086 2103 1307 2190 (sineretur)

176 2189 346 2214 Μ
1104 2191 1299 2216 Μ

618 2257 763 2334 Eidem.

144 2397 211 2447 Vide
231 2396 426 2461 Prolegomcna
444 2395 641 2464 praecedentis
664 2393 797 2461 epistolae
816 2395 876 2445 312.

226 2529 308 2595 Viro
331 2539 451 2616 optimo
472 2530 518 2594 D.
541 2531 731 2596 Martiae
753 2527 937 2606 Bucero,
958 2537 1065 2594 emico
1087 2553 1156 2594 cuo.

158 2653 185 2713 S.
209 2657 245 2716 D.
279 2655 348 2715 Etsi
378 2673 448 2716 sum
477 2653 509 2714 in
539 2655 643 2722 luctu,
673 2659 777 2715 tamen
809 2653 848 2713 ad
877 2671 952 2724 vos,
981 2660 1016 2712 ut
1039 2654 1141 2730 petis,
1171 2655 1305 2716 veniam.

85 2755 149 2815 llam
179 2776 249 2818 eum
279 2772 431 2818 exercear
462 2754 547 2816 curis
575 2753 733 2833 publicis,
770 2773 850 2816 nunc
880 2755 977 2816 etiarn
1010 2757 1098 2816 uinxit
1127 2757 1307 2818 molestiam

86 2858 153 2918 milri
181 2861 328 2920 interitus
356 2857 526 2941 Philippi,
563 2858 617 2934 qui
650 2875 701 2919 me
731 2860 920 2920 adolescens
951 2859 1066 2929 coluit,
1104 2868 1135 2919 et
1165 2860 1331 2944 uicissim⁸

85 2961 153 3020 milri
173 2971 246 3024 tunc
269 2972 400 3040 propter·
424 2962 565 3024 indolem
588 2964 701 3024 charus
723 2961 792 3023 fnit.
844 2963 958 3022 Postea
989 2979 1057 3022 curn
1081 2963 1306 3040 cognovissem

86 3063 197 3126 clusin
221 3066 398 3142 Republica
420 3067 534 3134 fidem,
558 3065 725 3126 admodum
749 3082 818 3124 curn
843 3063 952 3125 dilexi.
998 3064 1060 3124 Sed
1084 3065 1231 3127 fortassis
1251 3067 1306 3126 ille

86 3183 134 3226 suc
161 3171 297 3244 quadarn
324 3167 504 3229 foelicitate
536 3177 665 3246 ereptus
696 3177 745 3230 est
773 3169 810 3259 τῇ
832 3169 999 3249 τυραννίδι.
1047 3170 1177 3230 Veniam
1202 3175 1308 3230 autern

86 3269 311 3333 addustriacos
335 3288 374 3332 eo
399 3270 569 3342 libentius,
594 3274 679 3346 quod
703 3270 809 3349 gentis
832 3257 1056 3332 misericordia
1079 3271 1228 3345 adficior3
1255 3269 1308 3331 cui

86 3379 179 3435 metuo
201 3376 300 3436 letale
324 3375 499 3451 periculum
523 3389 596 3436 esse
620 3393 638 3435 a
660 3374 806 3436 'turcicis
829 3373 943 3444 armis,
968 3381 1000 3434 et
1023 3374 1109 3434 domi
1127 3383 1306 3452 gypaeetus

86 3474 153 3537 satis
175 3477 385 3539 inclementer
408 3478 559 3554 imperat,
583 3477 639 3553 qui
662 3485 696 3537 ut
720 3479 864 3539 adeersat
887 3477 1035 3553 publicas
1067 3493 1205 3554 poenas,
1236 3497 1305 3538 curn

86 3575 244 3656 Evangelio
266 3581 383 3639 bellurn
405 3581 498 3655 gerit.
534 3581 557 3638 Ο
580 3596 645 3640 rcrn
665 3578 828 3658 indignam
851 3583 904 3642 καὶ
923 3575 1103 3661 βδελυκτὴν,
1125 3580 1198 3640 dum
1213 3580 1307 3642 Turci

86 3676 249 3743 Pannonias
272 3687 415 3752 vastant,
439 3683 492 3741 hic
515 3683 547 3742 in
572 3682 679 3742 vicina
700 3686 778 3742 urbe
793 3682 910 3744 Norico
929 3683 1041 3742 sedent
1056 3681 1157 3742 nostri
1176 3683 1305 3754 heroes,

87 3796 117 3838 ac
136 3785 294 3862 disputant
324 3803 363 3846 an
392 3801 497 3845 mures
527 3785 629 3845 Deum
660 3792 786 3855 vorent,
816 3787 966 3846 rodentes
998 3801 1108 3861 panem
1141 3803 1305 3846 consecra-

87 3888 148 3946 tnnr.
191 3889 276 3950 llaec
300 3885 355 3949 vix
378 3889 486 3948 credet
510 3887 700 3966 posteritas,
725 3887 754 3950 si
778 3891 875 3966 leget.
919 3887 987 3966 Ego
1011 3887 1096 3950 eninr
1120 3891 1248 3960 curabo,
1273 3897 1307 3951 ut

88 3985 154 4047 lraec
182 3985 426 4073 στρατηγήματα
457 3984 634 4052 nostrorum
670 3996 788 4051 extent.
841 3993 928 4051 Bene
951 3991 1032 4051 vale.
1078 3990 1164 4052 llaec
1187 3991 1305 4070 scripsi

89 4092 279 4154 commotiore
309 4094 433 4174 animo,
464 4096 546 4169 qrrod
578 4095 731 4169 qrrnedam
763 4093 872 4154 audivi
903 4095 943 4152 de
965 4092 1122 4153 hodierna
1151 4095 1307 4155 delibera-

89 4190 162 4254 tione
189 4193 452 4257 adversariorum.

793 4298 961 4380 Philippus
986 4298 1177 4362 Melunllron.

91 4532 279 4554 *fl-—n—-n

179 4611 204 4676 l)
227 4607 325 4664 iacebo
345 4609 475 4663 Sturmio.

120 4702 206 4753 supplan.
225 4705 342 4744 hineclrtlr.
