3120 5206
242 303 287 376 dl
636 321 883 376 snnnnnrrrnrn
908 325 991 376 unm
1012 327 1085 379 inan.
1198 343 1211 353 ·

244 478 329 554 qnod
351 478 441 541 Bulla
464 494 575 548 aurea,
606 494 697 554 quarn
721 477 752 537 G.
776 478 814 538 M.
838 478 873 536 V.
897 479 1069 542 clementer
1093 481 1290 567 confirmavit
1313 489 1344 542 et
1366 499 1473 558 appro-

242 580 345 649 bavit,
369 578 451 639 clare
474 579 514 638 de
537 579 775 640 suecessoribus
798 579 977 640 Electornm
1002 580 1049 641 sic
1072 581 1246 644 constituit.
1285 581 1319 644 Si
1343 583 1475 643 decedat

241 680 368 740 Elector
391 681 543 740 secularis
563 680 634 740 sine
657 680 830 740 heredibus
854 681 1004 740 masculis
1026 681 1067 740 dc
1090 699 1242 759 corpore,
1272 693 1306 744 ut
1329 684 1475 745 succedat

242 783 273 842 in
304 781 484 841 Electoratu
512 783 609 842 irater
639 781 727 842 illins
758 782 913 842 maximus
942 790 1025 843 natu.
1081 783 1178 855 Quam
1203 787 1243 846 ob
1266 803 1394 847 causam
1426 802 1475 847 cx-

241 884 339 945 tincto
370 883 534 944 carissimo
570 885 667 944 fratre
702 900 791 954 meo,
826 885 914 944 Duce
944 885 1104 947 Friderico
1141 888 1288 950 Electore
1319 888 1477 949 Senoniae

241 987 312 1047 sinc
340 984 512 1047 heredibus
541 985 689 1046 masculis
720 986 760 1045 dc
790 1001 941 1060 corpore,
977 989 1055 1049 mihi
1086 991 1240 1066 competit
1264 991 1367 1050 insin
1392 990 1475 1048 dicto

241 1089 422 1150 Electorctn
444 1087 603 1149 saxoniae
626 1087 827 1148 succedendi.

306 1191 374 1251 'Ad
397 1191 477 1250 haec
501 1191 532 1249 C.
554 1187 591 1248 M.
615 1189 649 1248 V.
673 1190 834 1249 concessit
855 1190 935 1250 mihi
958 1197 1052 1251 antea
1082 1193 1266 1254 nominatim
1290 1195 1383 1254 simul
1409 1211 1475 1254 cmn

240 1295 336 1355 hutre
365 1308 436 1354 mco
467 1293 585 1352 dictum
605 1293 818 1354 Electoratnm
848 1309 916 1352 cum
940 1291 1112 1370 Regalibns
1142 1295 1340 1365 intendam,
1372 1312 1476 1372 qnem-

241 1397 405 1458 admodum
429 1395 598 1455 ostendunt
621 1396 734 1455 literae
757 1393 846 1454 feudi
869 1412 888 1454 a
911 1396 942 1454 C.
966 1393 1004 1454 M.
1029 1397 1213 1468 mandatae,
1237 1414 1277 1458 ex
1293 1399 1409 1473 quibus
1425 1399 1477 1457 hic

239 1491 392 1560 articulus
416 1498 595 1573 descriptus
620 1504 686 1566 est,
717 1498 772 1572 qui
796 1497 939 1574 signatus
972 1505 1022 1558 est
1046 1479 1139 1561 litera
1161 1502 1196 1560 Α.
1222 1517 1300 1576 qtras
1324 1503 1355 1560 C.
1380 1502 1419 1560 M.
1442 1501 1477 1559 V.

241 1605 272 1665 in
297 1599 692 1665 conventhormatiensi
715 1600 804 1660 fratri
827 1615 898 1660 meo
922 1601 1027 1672 dedit,
1051 1609 1083 1662 et
1107 1603 1196 1664 iuxta
1213 1605 1334 1664 Bellum
1350 1619 1477 1662 aureum

241 1705 319 1765 mihi
343 1702 528 1764 nominatim
551 1701 710 1762 concessit
733 1701 850 1764 dictum
873 1702 1085 1770 Electoratum
1110 1706 1140 1768 in
1164 1706 1308 1774 fendmn,
1331 1707 1360 1764 si
1382 1707 1478 1766 irater
1543 1753 1547 1763 .

240 1825 330 1870 meus
353 1806 424 1866 sine
447 1804 618 1866 heredibus
643 1804 791 1864 masculis
815 1805 854 1864 de
879 1821 1014 1882 corpore
1038 1808 1243 1868 decessisset.

173 1905 175 1908 ’
324 1910 361 1970 Et
390 1907 418 1968 si
442 1924 522 1982 opus
554 1912 638 1977 erut,
668 1914 741 1981 post
774 1913 907 1966 mortem
936 1907 1041 1967 fratris
1072 1909 1257 1970 ulteriorem
1288 1915 1400 1984 petere
1433 1909 1477 1968 in·

242 2011 442 2080 vestituram,
467 2027 527 2068 non
552 2015 601 2067 est
625 2023 663 2068 ea
686 2024 737 2069 res
761 2009 918 2085 neglecta.

324 2111 435 2172 Statim
458 2110 542 2170 enim
565 2115 792 2186 postmortem
815 2111 920 2172 fratris
951 2109 1032 2173 intra
1061 2111 1225 2172 dimidium
1255 2129 1368 2171 annum
1392 2112 1477 2188 apud

239 2215 390 2293 Regimen
415 2213 582 2290 Imperiale
606 2215 636 2272 G.
660 2213 698 2274 M.
722 2213 758 2274 V.
783 2212 871 2274 iuxta
893 2213 1022 2290 Imperii
1048 2212 1298 2286 ordinationem,
1323 2215 1407 2274 sicut
1422 2215 1475 2274 de-

239 2319 478 2405 cebat,⁴1·ursus
502 2315 720 2377 investituram
742 2317 856 2393 petivi.

322 2421 360 2482 Et
384 2421 533 2495 quiores
556 2420 594 2480 ed
618 2420 650 2478 G.
674 2420 712 2480 M.
735 2419 770 2478 V.
794 2420 915 2482 reiecta
945 2425 1011 2490 est,
1043 2420 1132 2480 iuxta
1160 2435 1347 2496 responsum
1379 2419 1475 2495 Regi·
1549 2479 1550 2482 ,

238 2525 351 2594 minis,
376 2532 408 2584 et
432 2539 492 2601 ego
516 2522 597 2583 duos
621 2522 823 2582 consiliarios
847 2523 885 2582 ad
909 2524 940 2582 Ο.
965 2521 1003 2581 Μ.
1028 2523 1062 2580 V.
1087 2529 1219 2599 propter
1242 2524 1322 2582 hanc
1346 2538 1474 2582 causam
1549 2503 1550 2510 ἵ

239 2627 269 2685 in
287 2625 471 2702 Hispaniam
494 2623 585 2693 misi,
609 2623 640 2682 C.
657 2621 694 2681 M.
710 2623 746 2681 V.
770 2625 943 2684 clementer
966 2623 1053 2683 dedit
1075 2623 1229 2683 Indultmn
1245 2622 1283 2684 ad
1298 2623 1475 2692 biennium,

240 2729 270 2788 in
295 2745 357 2804 qno
381 2729 553 2788 clementer
577 2731 607 2784 et
630 2725 701 2786 sine
732 2725 916 2787 conditione
947 2727 978 2784 G.
1001 2727 1039 2785 M.
1063 2725 1098 2784 V.
1124 2725 1302 2796 consensit,
1334 2740 1370 2784 se
1393 2724 1474 2784 mihi

239 2829 461 2890 concessurum
485 2842 558 2886 esse
577 2823 722 2894 lendum,
745 2827 800 2886 ubi
820 2827 973 2888 rediisset
987 2827 1019 2887 in
1036 2827 1222 2904 Imperium,
1247 2827 1335 2888 iuxta
1351 2827 1475 2896 literas,

238 2925 366 3006 quarum
391 2929 567 3004 exemplum
590 2927 643 2986 hic
666 2929 823 3004 signatum
846 2934 896 2988 est
919 2928 1013 2990 litera
1035 2929 1067 2988 B.

322 3030 446 3092 Deinde
472 3032 503 3090 G.
527 3029 566 3090 M.
587 3029 623 3087 V.
655 3029 760 3089 simile
799 3029 951 3090 indultum
980 3031 1060 3090 mihi
1098 3031 1259 3090 concessit
1288 3029 1328 3090 nd
1359 3046 1483 3106 annum,

239 3148 295 3212 pcr
321 3132 582 3193 sollicitationem
605 3131 863 3192 vicecancellarii
887 3133 917 3191 C.
941 3133 979 3192 M.
1002 3132 1057 3202 V.‚
1087 3133 1180 3193 amici
1203 3130 1284 3200 mei,
1318 3131 1475 3207 Episcopi

239 3234 493 3297 Constanticnsis
517 3231 858 3305 etllildeshemensiS,
883 3251 950 3294 cnm
976 3233 1075 3295 simili
1098 3234 1312 3311 promissione
1336 3236 1472 3294 clemen·
1546 3269 1547 3276 .

236 3337 376 3407 tissima,
406 3335 559 3405 futurum,
590 3341 624 3394 ut
648 3338 678 3397 C.
703 3337 740 3396 M.
765 3336 819 3408 V.,
850 3337 878 3396 si
901 3335 1053 3396 rediisset
1075 3337 1108 3396 in
1131 3337 1314 3413 Imperium,
1344 3337 1475 3396 lendum
1546 3361 1547 3419 ι

236 3440 317 3500 mihi
339 3437 514 3508 conferret,
538 3438 627 3498 iuxta
651 3438 779 3508 literas,
811 3455 939 3514 quarum
963 3440 1143 3514 exemplum
1166 3439 1219 3500 hie
1242 3439 1400 3516 signatum
1424 3446 1475 3497 est

236 3544 330 3603 litera
353 3542 384 3600 C.
1282 3589 1285 3597 .

319 3643 489 3704 Praeterea
516 3645 550 3702 ut
578 3641 679 3717 magis
709 3641 804 3702 etiern
834 3642 1028 3709 declararem
1057 3658 1158 3704 ineam
1192 3641 1393 3718 diligentiam
1425 3642 1472 3701 di-

235 3762 327 3824 gnam
350 3743 523 3804 obediente
537 3742 700 3818 Principe,
724 3759 825 3818 nuper
848 3745 920 3805 misi
942 3746 982 3806 ad
1005 3745 1139 3820 lasprnh
1156 3744 1195 3805 nd
1210 3745 1240 3804 C.
1258 3745 1294 3807 M.
1311 3743 1347 3800 V.
1367 3759 1474 3806 meum

235 3847 451 3922 consiliarium
482 3847 652 3910 iohannem
679 3846 824 3918 Doltzik,
862 3850 1036 3923 proiectum
1073 3864 1141 3908 cum
1175 3847 1357 3922 propinquo
1387 3863 1473 3917 meo,

235 3951 352 4014 comite
373 3948 522 4012 Wilclmo
554 3948 593 4008 de
624 3948 745 4010 Nasseu
776 3956 806 4010 et
837 3967 914 4010 corn.
938 3951 1044 4014 Wilel.
1076 3951 1115 4010 de
1145 3949 1317 4018 Nemeum,
1355 3949 1472 4024 quibus

236 4056 267 4115 G.
281 4055 319 4114 M.
333 4053 369 4110 V.
394 4052 508 4112 iterum
531 4052 704 4112 clementer
728 4053 799 4113 sine
821 4053 906 4114 omni
930 4053 1114 4114 conditione
1137 4052 1304 4127 respondit
1333 4050 1365 4114 in
1388 4053 1472 4112 lianc

235 4154 440 4224 sententiam,
480 4153 562 4228 quod
587 4154 618 4212 G.
642 4155 682 4214 M.
705 4155 740 4213 V.
771 4161 859 4216 esset
888 4155 967 4217 mibi
998 4157 1152 4216 collatura
1180 4154 1298 4216 dietum
1328 4153 1470 4224 feudum,

233 4262 401 4332 postquam
424 4257 568 4317 venisset
592 4257 773 4332 Angustum.

190 4355 196 4366 '
317 4357 479 4419 Postremo
502 4374 603 4434 nuper
626 4360 678 4420 hic
702 4376 771 4420 cnm
793 4359 899 4420 debita
922 4358 1106 4420 reverentia
1125 4363 1157 4418 et
1177 4358 1362 4421 obedientia
1384 4359 1469 4423 idem

232 4462 305 4520 aG.
330 4461 368 4522 M.
392 4461 428 4520 V.
452 4461 571 4536 petivi,
595 4479 658 4522 non
682 4461 868 4525 existimans
891 4461 1043 4530 futurum,
1070 4466 1105 4520 ut
1127 4459 1313 4535 praesertim
1338 4463 1468 4523 collatio

231 4563 318 4622 leudi
343 4561 536 4634 differretur,
561 4571 613 4624 aut
637 4571 840 4626 revocaretur
864 4565 895 4624 in
919 4563 1055 4622 dubium.
