3072 5208
451 345 697 402 snrrncnnnra
716 347 799 400 anni
819 351 894 405 rare
1228 314 1295 410 tal

76 506 133 564 Deo
149 507 258 566 collata
273 511 491 582 recognoscat,
514 511 545 565 et
559 506 680 581 gratias
695 511 779 581 agat,
795 506 835 564 de
849 506 911 568 Dei
926 508 1147 571 misericordia
1169 527 1204 570 se
1222 528 1294 572 con-

76 610 149 680 fidat,
171 616 200 668 et
211 608 325 670 merila
340 608 502 686 passionis
519 609 637 668 Christi
652 611 854 686 eorrternplat.
888 610 927 670 Et
941 611 1012 672 sine
1029 613 1221 676 Cerimcniis
1238 616 1294 676 im-

76 712 216 790 possibile
230 720 278 774 est
295 711 405 773 vivere
420 730 458 772 ac
471 712 647 784 procedere
661 709 694 771 in
708 712 781 774 Vita
796 714 977 786 christiana.
1009 715 1135 775 Tollere
1149 717 1242 778 modo
1261 717 1294 778 in

75 824 160 878 toturn
171 815 317 890 antiquas
333 813 529 877 cerimonias
546 819 576 873 el
590 831 689 874 novas
707 815 877 877 instituere
888 834 951 879 non
966 817 1070 888 laudo,
1095 835 1154 878 nec
1169 818 1294 882 animus

75 919 250 995 acquiescit,
277 917 418 978 rationes
439 918 536 977 addas
552 934 570 976 a
585 923 617 976 te
633 918 715 994 ipso.
746 917 783 978 Et
804 917 967 993 primitiva
982 919 1127 984 Ecclesia
1147 929 1179 985 et
1195 923 1224 982 S.
1240 923 1294 984 Pa-

75 1032 136 1094 tres,
153 1025 206 1100 qui
220 1027 267 1100 (ut
283 1021 476 1088 credendum
491 1021 552 1099 est)
569 1020 721 1097 aSpiritn
734 1027 843 1084 sancto
860 1023 1127 1096 conducebantur,
1148 1013 1294 1087 videntes

74 1126 132 1186 sinc
144 1126 265 1188 aclibus
282 1124 495 1186 exterioribus
505 1121 528 1204 ¹)
551 1141 611 1182 non
627 1123 836 1206 Evangelium
855 1128 1039 1186 conservari
1055 1124 1295 1209 (universaliter

75 1226 239 1310 loquendo),
256 1246 318 1288 non
342 1226 559 1301 instituissent
582 1225 730 1298 Missam,
754 1234 788 1288 ut
812 1247 925 1292 vanam
949 1228 1170 1299 Cerirnoniem.
1217 1231 1292 1294 ldeo

74 1339 193 1394 nonest
222 1331 379 1400 tollenda,
410 1337 442 1388 et
472 1329 503 1390 in
536 1336 635 1390 tolum
665 1331 823 1392 abolenda
845 1330 959 1402 Missa,
993 1333 1051 1392 sed
1081 1317 1292 1411 expirganda.

73 1435 147 1496 Etsi
170 1434 225 1510 qui
254 1437 373 1496 abusus
404 1432 576 1494 introducti
605 1439 677 1502 sumt
707 1440 775 1492 erle
804 1435 940 1506 hnmana
969 1442 1001 1508 et
1030 1435 1192 1508 diabolice
1221 1457 1294 1516 sug-

74 1539 223 1615 gestione,
248 1536 298 1598 illi
321 1543 393 1597 sunt
416 1536 606 1606 abradendi,
632 1542 711 1597 etut
725 1537 875 1599 tollantur
897 1539 1137 1606 exclamandum
1153 1547 1296 1616 etsnper

74 1643 134 1702 talis
162 1641 312 1702 Zizaniae
344 1641 559 1716 extirpatione
589 1640 814 1712 elaborandum
844 1647 902 1700 est.
955 1641 989 1701 Si
1022 1641 1107 1714 enirn
1137 1645 1170 1704 in
1193 1652 1294 1714 toturn

73 1745 281 1822 denigraretnr
310 1733 408 1807 Missa
438 1742 551 1804 etalii
575 1744 665 1803 Ritus
697 1749 729 1802 et
755 1743 955 1811 Cerimoniae
985 1745 1026 1804 de
1049 1764 1130 1808 novo
1155 1748 1294 1812 intrudu-

73 1856 204 1909 cerentar
227 1845 318 1906 brevi
341 1852 500 1922 ternpore,
525 1845 588 1907 imo
615 1847 720 1909 statim
744 1847 827 1908 laeta
852 1847 1068 1922 publicatione
1084 1849 1296 1920 seminaretur

74 1950 203 2022 Zizania,
229 1948 304 2026 qnia
327 1948 412 2010 istud
437 1955 485 2008 est
507 1949 648 2016 officinm
671 1949 794 2014 inimici
818 1950 850 2010 in
872 1951 961 2016 terra
979 1952 1182 2028 porotrnioo
1201 1958 1295 2026 semi-

74 2063 133 2119 nala
162 2053 258 2116 etiam
287 2051 447 2124 Zizaniam
476 2052 637 2130 proiicere
667 2056 700 2114 et
729 2053 897 2117 serninare.
954 2055 991 2126 Et
1022 2057 1083 2116 hoc
1108 2067 1295 2132 praemonet

75 2157 203 2221 Christus
234 2157 266 2218 in
296 2155 471 2234 Evangelio
504 2163 536 2214 et
561 2156 802 2226 Paterfamilias.
825 2157 986 2232 prohibuit
1019 2159 1168 2222 Zizaniae
1199 2164 1295 2224 extir-

74 2262 238 2335 pationem,
271 2276 311 2320 nc
340 2265 372 2318 et
400 2259 589 2336 frumentum
619 2277 689 2320 cum
720 2259 792 2336 ipsa¹
818 2261 947 2322 Zizania
976 2261 1210 2338 extirparetur.¹
1249 2264 1295 2326 lte

74 2366 177 2437 pariter
207 2369 358 2442 respectu
387 2362 513 2424 Rituum
544 2363 794 2430 introductorum
827 2365 861 2423 in
891 2362 1055 2440 primitiva
1084 2366 1228 2428 Ecclesia
1261 2377 1293 2428 et

74 2467 120 2542 qui
140 2466 362 2550 sua²)3,natura
384 2466 457 2526 boni
481 2473 553 2526 sunt
570 2472 601 2526 et
619 2467 813 2529 conveniunt
827 2467 964 2537 Politice
980 2467 1198 2539 Christianae,
1221 2489 1293 2546 pro-

75 2578 134 2644 pter
153 2573 268 2632 abusus
292 2569 490 2640 introductos
520 2571 559 2630 ab
584 2569 725 2633 inimicis
752 2570 861 2633 Crucis
887 2570 1007 2633 Christi
1037 2569 1184 2654 (quorum
1207 2575 1293 2636 Deus

75 2683 170 2736 venter
192 2682 267 2746 est,
290 2681 322 2734 ct
344 2673 479 2738 avaritia
507 2673 664 2735 mundana
692 2682 726 2734 et
757 2675 916 2750 cupiditas
945 2691 1047 2736 rerum
1080 2683 1111 2736 et
1141 2678 1293 2741 bonorare

74 2775 288 2861 terrenorum.)
312 2784 419 2848 contra
442 2775 562 2837 Christi
584 2778 765 2840 institutum
789 2785 821 2838 et
845 2779 1017 2849 intentum,
1048 2781 1104 2855 qni
1133 2780 1215 2840 dixit
1244 2780 1293 2841 Pi·

75 2881 142 2952 lato,
170 2879 298 2947 fatendo
330 2896 365 2945 se
395 2881 532 2956 Regem,
565 2881 650 2956 quod
679 2881 821 2958 Regnum
851 2899 942 2943 suurn
972 2900 1032 2942 non
1065 2889 1133 2944 erat
1164 2883 1204 2942 de
1234 2885 1313 2946 hoc

75 2984 185 3054 murrdo,
209 3001 265 3046 eos
289 2981 496 3049 obcaecavit,
527 3001 588 3042 non
617 2988 690 3044 sunt
714 2981 747 3044 in
766 2990 871 3044 lotum
893 2984 1068 3044 abradendi
1092 2991 1125 3044 et
1147 2985 1294 3056 tollendi,

76 3087 120 3146 sed
140 3091 220 3148 bene
245 3084 444 3166 expurgandi
468 3091 499 3144 et
522 3085 699 3160 reducendi
721 3087 761 3156 ad
786 3104 894 3150 veram
916 3087 1064 3149 Politiam
1080 3088 1295 3164 Christianam

76 3198 99 3248 el
118 3169 154 3252 ad
177 3189 351 3270 puritatem
374 3186 553 3264 Evangelii.

143 3295 215 3374 ldeo
239 3295 338 3373 chare
359 3299 391 3350 et
413 3297 517 3352 emate
548 3289 581 3350 in
606 3289 731 3366 Christo
762 3292 859 3352 frater
891 3298 922 3351 et
944 3291 1080 3354 Domine
1111 3292 1154 3352 mi
1185 3296 1294 3356 obser-

75 3397 255 3460 vandissime
279 3413 357 3474 rogo
380 3402 429 3464 te,
460 3375 497 3454 ac
521 3394 553 3454 in
577 3393 759 3456 visceribus
783 3397 856 3468 iesu
879 3394 1000 3459 Christi
1032 3395 1132 3458 nostri
1165 3397 1295 3456 hadem-

75 3501 176 3573 ptoris,
209 3508 241 3561 et
270 3498 325 3576 qui
354 3505 489 3576 peccata
517 3505 626 3560 nostra
656 3517 714 3558 suo
745 3497 903 3575 sangnine
938 3497 1016 3560 lavit
1046 3505 1078 3558 et
1107 3507 1207 3563 morte
1237 3518 1295 3573 sup

76 3619 133 3664 curn
152 3605 243 3667 Patre
274 3610 494 3671 aeternonos
525 3599 766 3668 reconciliavit,
803 3603 903 3662 et'de
932 3601 1074 3664 inimicis
1111 3602 1233 3664 amicos
1265 3609 1296 3662 et
1353 3593 1354 3598 ’

75 3705 147 3768 tilios
168 3705 325 3777 reddidit,
357 3707 491 3766 obsecro
523 3711 556 3764 et
584 3705 754 3780 deprecor,
791 3710 825 3764 nt
848 3723 866 3764 a
889 3704 948 3766 tali
973 3703 1140 3782 provincie
1170 3703 1295 3766 annihi-

75 3807 147 3868 landi
167 3810 298 3874 Missam
327 3808 466 3870 desistas
499 3805 636 3889 (summe
666 3806 750 3868 enim
772 3808 841 3868 Deo
873 3807 1043 3890 displicet)
1073 3825 1295 3884 necunquam

76 3911 199 3978 laturum
222 3913 302 3984 erit,
331 3919 366 3972 ut
388 3911 507 3972 Missae
531 3908 704 3972 celebratio
729 3909 771 3970 sit
795 3908 828 3970 in
852 3917 953 3972 totum
976 3912 1102 3973 sublata
1126 3917 1158 3972 et
1181 3919 1295 3974 arunte.

75 4011 105 4072 Et
124 4016 202 4078 sicut
223 4032 312 4081 mare
334 4013 477 4076 obturari
499 4033 562 4077 raon
585 4020 711 4090 potest,
742 4021 773 4073 et
795 4020 882 4075 terra
904 4013 996 4074 reddi
1020 4015 1134 4091 plana,
1171 4021 1205 4074 ut
1237 4033 1298 4076 rron

76 4114 111 4174 sit
129 4098 383 4196 montuosatsita
411 4119 445 4180 in
468 4115 586 4179 Politia
611 4115 794 4179 Christiana
822 4115 1028 4194 impossibile
1060 4123 1111 4178 est
1145 4133 1296 4178 emovere

76 4217 204 4296 Missam,
228 4233 260 4285 et
282 4223 315 4284 in
338 4229 441 4284 totum
463 4223 592 4288 tollere·
636 4223 764 4286 Abusus
788 4239 870 4282 nuno
895 4219 1003 4296 siqui
1028 4219 1200 4282 introducti
1223 4226 1299 4284 sunt

77 4329 102 4380 at
122 4327 316 4404 reperiuntur
339 4327 441 4406 (quod
463 4324 576 4403 negari
599 4343 662 4386 non
686 4326 806 4404 potest)
830 4322 1029 4401 extirpandi,
1053 4323 1214 4395 abolendi,
1239 4325 1297 4386 lol-

77 4423 150 4488 lendi
178 4438 209 4493 et
238 4429 430 4508 denigrandi
457 4435 539 4491 sunl.
592 4428 632 4488 ut
655 4445 752 4506 super
782 4429 843 4506 hoc
874 4433 907 4488 et
929 4425 960 4488 in
992 4428 1053 4487 troc
1077 4424 1298 4496 insudandum,

77 4525 265 4544 Ν’ξω-.-

150 4565 174 4630 l)
197 4569 256 4620 siae
275 4551 382 4618 actibus
401 4564 596 4632 exterioribus]
616 4565 643 4614 iu
659 4566 819 4633 apographo
833 4566 949 4630 legitate
966 4565 1028 4614 sine
1050 4570 1128 4616 aetus
1148 4565 1299 4616 exteriores

148 4652 174 4718 2)
197 4653 461 4722 sua]-apograpbon
482 4653 582 4706 habel:
608 4653 652 4703 sni
