3120 5206
449 273 695 326 sacrararum
714 235 798 326 aum
817 277 891 328 raas.
1173 253 1175 255 ’
1245 255 1289 326 it

70 449 136 501 sam,
171 438 202 490 et
232 448 302 492 eam
332 431 508 492 theatricae
519 428 541 509 1)
571 430 785 491 saltatriculae
814 429 1091 506 comparabimus?
1130 431 1286 501 dicentes,

68 533 203 594 Annulum
225 537 344 604 habes,
368 536 493 611 signum
517 534 661 610 coniugii
683 533 795 603 hahes,
819 551 971 609 sponsum
993 551 1055 592 non
1080 534 1195 593 habes:
1222 533 1287 593 nisi

69 637 92 694 in
110 639 219 697 annulo
243 636 453 714 corporaliter
476 653 628 713 sponsum
650 633 806 718 habere²)
832 635 929 695 dicas.
981 635 1064 705 Quas
1094 642 1128 696 tu
1150 637 1287 696 haberes

68 740 167 813 gratias
191 743 241 811 ei,
271 743 326 816 qrri
350 749 381 800 te
406 741 476 799 sola
499 757 581 815 aqua
603 740 750 809 tinctum,
787 744 819 797 et
842 740 881 798 ab
906 739 1063 800 invisibili
1084 740 1187 816 gratia
1210 740 1286 800 alie-

68 859 125 900 num
151 839 298 904 diceret?
329 845 406 904 licet
438 859 551 917 aquam
582 860 642 901 non
673 819 839 902 assereres
870 857 944 900 csse
966 843 1111 918 spiritum
1136 850 1287 912 sanctum,

16 987 18 994 ,
68 947 106 1003 rel
126 947 256 1022 gratiam
279 946 367 1014 eius,
399 952 430 1004 et
452 959 588 1020 negares
613 961 702 1014 eam,
731 949 844 1020 utpote
866 945 991 1005 ratione
1014 964 1076 1005 non
1100 945 1287 1022 praeditam,

67 1049 170 1122 gratiae
200 1049 332 1124 spiritus
363 1043 536 1122 capacem?
595 1047 746 1106 Possisne
781 1046 895 1106 maiori
937 1048 1130 1108 contumelia
1158 1044 1286 1107 notari?

67 1148 107 1208 Sic
133 1155 160 1209 et
188 1151 370 1219 nobiscum,
402 1149 457 1207 ubi
488 1147 762 1208 Sacramentormn
792 1149 895 1208 honos
925 1151 1057 1209 illaesus
1088 1156 1210 1220 manet,
1241 1149 1288 1211 ibi

66 1252 179 1312 fictitiae
200 1252 515 1326 repraesentationes
539 1269 600 1310 non
625 1257 713 1310 sunt:
737 1250 792 1310 ubi
816 1251 847 1311 in
868 1251 1014 1312 veritatis
1037 1269 1073 1311 ac
1092 1253 1287 1313 sinceritatis

65 1371 158 1430 azymo
173 1365 307 1432 aguntur
322 1355 445 1423 omnic,
470 1355 515 1413 ibi
531 1372 593 1413 non
608 1355 678 1413 sola
696 1356 797 1430 ligura
813 1355 990 1429 qrraeritur,
1015 1356 1071 1416 sed
1093 1355 1288 1416 sanctissimi

65 1457 205 1528 laederis,
242 1465 274 1516 et
305 1457 481 1517 indubitata
492 1454 518 1534 8)
556 1457 808 1516 exhibendorum
838 1459 1064 1532 promissorum
1095 1459 1285 1519 contestatio

64 1561 105 1630 fit,
125 1563 216 1621 habet
230 1561 312 1620 fides
333 1577 421 1619 suom
435 1560 687 1635 possessionem,
711 1561 807 1620 habet
822 1561 1022 1637 hypostasin,
1047 1562 1142 1622 habet
1159 1569 1286 1638 gustum

65 1681 113 1737 per
131 1663 282 1740 spiritum.
334 1662 445 1736 Neque
476 1663 560 1721 enim
589 1663 753 1722 humiliter
776 1664 815 1722 ad
840 1679 954 1740 panem
977 1667 1029 1724 vel
1055 1667 1161 1726 vinum
1184 1666 1285 1741 respi-

16 1823 17 1842 ξ
65 1769 146 1838 citur,
176 1768 233 1827 sed
264 1767 441 1840 exaltantur
469 1766 596 1824 interim
625 1766 723 1826 animi
753 1782 810 1842 per
840 1767 943 1826 fidem.
999 1768 1127 1829 Multum
1152 1771 1286 1830 abesto

16 1851 18 1882 ³
64 1872 176 1930 scenica
196 1871 354 1938 vanitate,
379 1869 433 1943 qui
449 1869 607 1927 Christum
632 1869 751 1942 ubique
774 1869 920 1946 agnoscit
944 1875 982 1931 ob
1006 1871 1191 1932 immensam
1215 1873 1286 1931 eius

64 1974 263 2042 maiestatem,
289 1971 343 2046 qui
366 1971 510 2030 illumin
534 1971 629 2030 corde
653 1978 686 2030 ut
710 1972 740 2030 in
764 1974 883 2048 templo
909 1974 1073 2050 experitur
1094 1975 1285 2051 propicium,

64 2077 159 2148 quiet
181 2073 336 2135 incoctis
360 2074 501 2149 gloriosa
523 2089 617 2133 carne
639 2081 840 2152 regnantem,
871 2093 985 2152 magna
1014 2078 1179 2138 societatis
1214 2079 1285 2137 eius

16 2175 17 2242 Ξ
64 2179 127 2236 olim
148 2177 318 2254 potiendae
342 2175 476 2244 fiducia,
501 2177 658 2244 celebrat,
688 2190 791 2250 caque
816 2193 909 2236 carne
934 2186 1101 2256 vegetatur
1123 2197 1160 2238 ac
1183 2180 1285 2255 pasci·

16 2291 18 2362 g
64 2288 113 2339 tur.
142 2281 302 2352 Quomodo
326 2279 400 2338 talis
422 2279 559 2338 maxime
582 2279 615 2338 in
631 2279 738 2340 Coena
758 2275 912 2364 ἄχριστος
926 2279 1149 2356 reputabitur?
1185 2283 1287 2343 Etiam

64 2402 112 2442 nos
132 2403 189 2444 non
213 2383 378 2442 reiicimus
401 2381 661 2457 promissionem,
691 2382 773 2441 Ecce
805 2399 866 2459 ego
889 2385 1054 2444 vobiscum
1084 2402 1153 2443 snm
1181 2401 1285 2458 nsque

16 2539 17 2546 ,
65 2488 97 2545 ad
116 2487 411 2548 consmmnationem
433 2486 550 2543 seculi:
580 2485 715 2546 fatemur
737 2505 798 2546 non
823 2487 933 2548 delore
957 2489 1130 2558 Christum,
1162 2487 1285 2546 duobus

16 2569 18 2674 ζ
66 2589 91 2646 in
111 2607 162 2649 suo
185 2589 313 2650 nomine
343 2587 555 2663 congregatis
610 2587 789 2648 Gaudemus
820 2591 905 2650 enim
936 2605 1010 2650 esse
1040 2589 1286 2650 inhabitatorem

16 2689 18 2730 l
66 2691 189 2751 cordium
218 2700 307 2752 tanta
336 2691 511 2759 felicitato,
541 2697 576 2748 ut
605 2697 637 2748 et
668 2693 884 2752 conscientiae
915 2694 1062 2767 quietae,
1098 2694 1224 2754 vivaces
1249 2709 1287 2752 ac

65 2794 161 2855 beatae
183 2797 264 2864 sint,
294 2801 329 2852 et
348 2794 430 2852 ultra
453 2807 512 2851 nec
536 2793 696 2862 esuriant,
731 2810 789 2854 nec
813 2795 930 2855 sitiant.
978 2795 1058 2866 Quid
1081 2795 1180 2873 igitur
1202 2796 1286 2872 peri-

67 2898 116 2956 culi
142 2891 366 2958 denuntiatur?
405 2911 487 2970 quae
517 2896 784 2958 conscientiarum
813 2899 1070 2960 terriculamenta
1101 2905 1283 2976 supersunt,

16 3033 17 3036 =
66 3001 108 3058 ubi
133 3003 234 3060 nullus
264 3005 428 3060 accusator
457 2999 597 3068 cuditur,
628 3001 714 3058 nulla
742 3001 963 3061 condemnatio
995 3003 1139 3071 timetur,
1178 3002 1284 3060 omnia

16 3171 17 3180 ἵ
67 3101 182 3164 adversa
204 3120 315 3163 manca
339 3109 429 3171 sunt,
461 3102 566 3160 omnis
587 3103 722 3165 tentatio
744 3101 853 3162 cedit?
906 3103 983 3174 Quis
1007 3113 1146 3165 mortuus
1169 3104 1286 3164 Hector

16 3205 17 3240 ³
67 3211 167 3268 tantum
186 3209 274 3266 valet
306 3207 339 3265 in
361 3201 562 3282 Tragoedia?
614 3207 809 3282 Augustiorc
839 3208 936 3283 igitur
963 3215 994 3266 et
1025 3209 1184 3268 diviniora
1215 3213 1287 3266 sunt

16 3353 17 3360 ι
68 3318 164 3372 nostra.
213 3313 349 3372 Demum
380 3310 411 3369 in
441 3311 501 3368 hoc
524 3310 727 3385 potissimum
750 3312 882 3370 haeres:
914 3327 1007 3386 quum
1033 3312 1177 3372 Christus
1205 3327 1285 3370 unus

69 3412 99 3468 sit
116 3417 200 3474 Dens
223 3423 256 3474 et
274 3417 381 3482 homo,
406 3421 438 3472 ol
461 3415 689 3473 humanitatem
712 3431 731 3472 a
753 3414 922 3474 divinitate
940 3414 1084 3474 avellere
1100 3413 1285 3489 neutiquam

16 3503 18 3604 ζ
69 3514 161 3589 liceat,
185 3517 350 3586 convinci,
384 3523 418 3575 ut
442 3517 537 3575 etiam
567 3516 599 3575 in
625 3517 874 3592 Coenaccrpus
900 3518 1017 3577 Christi
1047 3519 1090 3576 sit
1119 3531 1284 3593 praesens.

16 3611 18 3668 ἶ
70 3615 113 3676 llic
132 3621 173 3680 mi
195 3621 345 3697 Philippe
376 3621 448 3695 plus
478 3620 621 3694 periculi.
678 3619 913 3696 Circumspecte
938 3621 1022 3680 enim
1045 3621 1085 3679 de
1108 3621 1228 3680 naturis
1253 3619 1285 3678 in

16 3707 17 3748 3
71 3720 174 3783 Christo
199 3723 403 3800 loquendum,
429 3739 468 3782 ne
492 3741 548 3798 pro
573 3742 634 3783 uno
657 3737 804 3801 persona,
828 3741 921 3784 tinam
940 3730 1083 3784 naturam
1100 3726 1285 3792 statuamus

71 3831 93 3881 et
116 3827 182 3886 dum
213 3827 402 3887 humanitati
434 3827 506 3906 plus
537 3844 629 3902 quarn
657 3845 714 3904 par
744 3836 791 3887 est
814 3829 998 3897 tribuimuS,
1026 3827 1227 3887 divinitatem
1250 3842 1287 3885 ac

16 3967 17 3986 2
71 3927 277 3990 inmanitatem
300 3925 485 4014 foedemus,
508 3930 663 3990 iacientes
688 3947 729 3990 ex
756 3929 924 3990 divinitate
947 3937 1103 3998 naturam,
1135 3945 1216 4002 quae
1241 3931 1287 3989 in-

16 4109 17 4112 *
73 4040 242 4092 crementum
272 4033 427 4108 recipiat,
459 4038 490 4090 et
519 4033 653 4092 humano
686 4035 812 4110 corpori
835 4048 944 4094 reram
973 4034 1116 4108 corporis
1145 4033 1287 4092 substan-

16 4133 18 4220 }
72 4131 132 4191 liam
153 4135 346 4204 adimamus,
378 4133 405 4194 si
429 4135 471 4193 sil
494 4129 740 4216 ἀσχημάτιστον.
793 4139 895 4198 Aliter
925 4138 965 4195 de
988 4137 1095 4204 uerbi,
1126 4135 1221 4196 aliter
1249 4137 1289 4196 de

16 4287 17 4312 l
73 4283 256 4304 “un—...-

141 4395 168 4461 1)
188 4393 356 4460 theatricae]
380 4395 408 4444 in
433 4395 546 4461 Dialogo
564 4403 674 4462 typogr.
694 4413 785 4448 errore
804 4397 919 4462 legitur:
940 4397 1090 4448 Bactricae.

142 4482 166 4545 2)
190 4480 306 4548 habere]
325 4479 431 4545 Epist:
452 4481 557 4532 haberi.

142 4566 167 4630 3)
190 4567 359 4632 indubitato]
371 4566 483 4634 episc:
503 4569 668 4620 indubitato.
