3120 5206
694 285 958 340 PROLEGOMENA.

372 438 490 502 Exilis
513 440 628 519 clucet,
663 441 769 502 harum
799 457 923 521 qrroque
960 441 1036 504 daras
1061 445 1177 504 classes
1200 443 1449 522 distinguendas
1555 423 1556 436 ¹

435 579 526 623 osse:

440 688 465 745 l.
500 683 674 760 Epistulas,
708 701 786 762 quae
808 689 846 747 ab
868 685 939 747 aliis
962 683 1008 747 od
1029 685 1132 749 solum
1155 681 1451 748 Melanotctonem
1555 657 1556 718 i

496 801 627 878 scriptae
650 811 744 878 sunt‘,
1348 795 1350 802 ’

433 927 461 985 2.
496 923 676 1003 Epistolas,
706 942 785 1002 quae
807 929 846 986 ab
869 925 938 987 aliis
961 945 1021 988 non
1046 928 1084 990 ad
1109 929 1206 989 solum
1230 926 1447 990 Meluncluno-
1555 923 1556 966 l

496 1061 579 1122 nem,
608 1046 664 1106 sed
688 1044 779 1106 eliarn
809 1048 847 1108 ad
870 1046 1013 1110 alteram
1033 1047 1185 1131 pluresve
1208 1068 1281 1110 carm
1305 1068 1340 1110 eo
1364 1067 1450 1109 oon-

496 1170 623 1228 iunctoa
646 1167 780 1243 scriptae
804 1178 881 1230 suut.

292 1306 323 1364 C.
359 1305 519 1382 Epistolac
542 1307 714 1377 nonnullae,
740 1324 815 1384 quas
839 1307 904 1370 olii
925 1327 986 1369 non
1009 1307 1048 1370 ad
1071 1307 1351 1385 Melanchthonern,
1389 1307 1451 1367 sed
1555 1273 1556 1332 3

372 1426 418 1489 od
441 1426 525 1491 alios
548 1429 751 1506 scripserunt.

420 1549 624 1624 Epistolarurn
649 1548 741 1610 huius
763 1517 889 1626 generis
920 1550 1033 1609 inultae
1057 1548 1150 1609 etiarn
1185 1548 1215 1608 iu
1240 1550 1379 1626 Corpore
1403 1548 1451 1606 le-

466 1677 591 1749 guntur,
619 1673 733 1749 quippe
757 1689 838 1748 quae
859 1676 911 1732 aut
933 1669 1178 1734 Melanclrthonis
1202 1670 1298 1731 vitatu
1321 1674 1376 1730 aut
1399 1668 1452 1728 lri-

460 1793 585 1854 storiam
608 1792 693 1854 illius
717 1794 868 1868 ternporis
891 1794 1054 1858 illustrant.
1396 1776 1399 1780 ¹

245 1993 247 1998 ,
292 1933 475 2002 Permultac,
499 1949 578 2008 quae
602 1930 640 1994 ad
664 1934 702 2011 A,
728 1933 755 1996 3.
779 1939 812 1994 et
834 1933 873 1996 ad
894 1935 974 2006 Bst.
998 1935 1025 1996 2.
1051 1931 1220 2010 pertinent,
1245 1911 1300 1992 aaa
1325 1947 1451 2021 nempe,

206 2067 286 2126 quiae
309 2053 347 2112 ad
373 2053 539 2114 Lutlrarurn
563 2061 616 2114 aut
640 2070 658 2112 a
681 2053 816 2115 Lutlrero
842 2055 890 2114 val
911 2027 1048 2130 scriptae
1066 2054 1116 2116 vel
1139 2051 1337 2130 subscriptae
1361 2058 1451 2123 sunt,

205 2190 266 2232 non
288 2172 375 2249 ipsae
399 2175 597 2253 exhibentur,
636 2177 691 2236 scd
715 2175 853 2236 lectores
877 2176 1060 2254 delegantur
1094 2178 1132 2238 ad
1156 2175 1356 2238 collectiones
1379 2173 1451 2252 epi-

207 2295 356 2355 stolarum
380 2295 516 2372 lutheri,
555 2311 630 2372 quas
665 2296 708 2356 de
731 2296 921 2376 wellias,
951 2297 1238 2359 Seidernannus
1270 2297 1451 2360 etBurk-

207 2417 372 2478 lrardtus
395 2416 565 2478 edidoruut.
612 2417 677 2478 llac
701 2417 782 2478 enim
804 2419 835 2478 in
861 2420 1023 2480 nrultorurn
1049 2417 1191 2480 manibus
1213 2423 1265 2479 aut
1287 2415 1376 2478 facile
1400 2432 1453 2475 ue·
1551 2422 1553 2431 ’

208 2538 379 2614 quirendae
402 2546 480 2598 sunt.
528 2541 613 2612 Quae
644 2555 717 2599 vcro
755 2537 785 2598 in
810 2538 859 2599 tris
879 2541 1112 2602 collectionibus
1136 2539 1265 2608 desunt,
1303 2534 1452 2621 integrae

206 2659 384 2718 alienantur.

262 2855 275 2866 Α,
293 2797 371 2858 Fero
398 2801 455 2860 145
481 2798 636 2876 epistolae
659 2798 760 2860 aliave
785 2799 903 2880 scripta
937 2800 969 2862 in
992 2801 1052 2860 hoc
1075 2808 1159 2863 toruo
1189 2798 1321 2876 primurn
1351 2797 1450 2858 edun·

209 2926 269 2987 tur,
294 2933 423 2994 eantque
447 2922 487 2980 ob
512 2937 635 3006 causatu
659 2919 689 2980 in
715 2921 821 2985 indico
844 2923 1000 2986 osteruco
1024 2922 1197 3004 signantur.
