3120 5206
514 317 761 368 sutrruamaurr
782 315 863 366 rum
891 317 964 370 rora.
1337 300 1359 372 9
1407 300 1410 317 '

116 473 246 532 ruodum
262 471 429 532 amaberis.
464 472 530 548 Ego
544 479 597 533 tua
611 473 753 533 amicitia
772 473 939 548 plurimum
963 473 1088 551 gaudeo
1112 474 1258 550 daboque
1282 493 1357 552 ope-

117 591 206 644 ram,
236 581 269 634 ut
293 575 350 634 illu
373 591 435 634 uon
460 573 624 651 indiguum
647 589 698 633 me
721 581 897 650 praestem:
933 591 1030 650 quare
1060 593 1110 636 me
1132 585 1227 636 utere·
1247 586 1282 637 ut
1304 586 1359 638 tuo

116 677 335 746 amicissimo,
359 677 452 737 modo
476 696 537 737 nou
562 683 685 737 utamur
707 677 826 747 titulis,
850 675 1020 754 diligamus
1046 697 1102 738 nos
1125 686 1233 740 aruluo
1257 682 1360 740 sinee-

116 782 216 849 riter‚
241 795 280 840 ex
305 781 428 850 animo,
453 782 562 856 probe.
616 781 799 842 Orationem
822 788 907 841 tuam
930 779 1045 841 dudum
1074 783 1213 858 legeram
1244 791 1275 843 at
1297 803 1359 844 uuo

115 883 254 960 spiritu:
278 890 367 960 grata
391 883 508 952 uirtus,
532 890 654 960 gratum
679 885 764 958 quod
786 892 894 946 nostro
910 886 1017 946 Ottoai
1040 884 1186 948 dedicata
1201 895 1266 959 ast;
1292 902 1361 946 eam

115 985 306 1046 Franciseus
339 987 453 1049 Calvus
484 987 651 1048 Cirrrreusis
682 987 715 1046 iu
745 987 867 1051 ltaliam
890 988 1013 1057 attulit,
1048 989 1144 1052 homo
1167 997 1200 1050 et
1221 991 1292 1066 ipsa
1321 989 1361 1050 de

114 1089 240 1148 litteris
263 1091 345 1148 bene
370 1090 500 1152 meritus
525 1090 578 1164 qui
603 1097 635 1150 te
658 1091 799 1151 celebrat
823 1098 855 1150 et
879 1092 925 1150 tui
948 1090 1086 1153 uoruiuis
1106 1093 1362 1154 studiosissimus

116 1193 243 1254 existit.
296 1179 577 1256 Commendo'tibi
606 1210 710 1254 areum
740 1202 904 1270 patronum
933 1195 1130 1256 duumvirum
1161 1196 1189 1254 d.
1212 1197 1235 1255 J.
1258 1197 1362 1258 Elauer

115 1302 151 1354 et
176 1296 268 1356 illius
290 1302 441 1372 nepotem
457 1297 633 1358 Corrradum
647 1299 838 1358 Volohamer
861 1313 986 1374 egoque
1002 1297 1138 1372 gratias,
1163 1299 1247 1372 qaod
1263 1299 1361 1360 filium

114 1400 300 1460 'l'uoherum
321 1407 385 1460 tam
407 1399 607 1462 familiariter
630 1401 873 1476 cornplecteris,
904 1418 965 1475 qua
988 1416 1023 1460 re
1045 1402 1259 1476 gratissimum
1284 1403 1361 1466 mibi

114 1502 218 1564 laris:
248 1504 373 1564 confido
405 1519 476 1564 earm
498 1511 555 1564 tua
577 1505 758 1566 eruditione
783 1521 950 1566 euasurum
979 1505 1010 1564 iu
1037 1505 1135 1566 virum
1166 1508 1282 1568 bonum
1307 1508 1364 1582 ¹qui

114 1603 180 1664 libi
207 1621 336 1680 quoque
359 1606 538 1668 redditurus
562 1607 604 1668 sit
627 1606 702 1666 olim
725 1608 914 1668 beneficium
945 1612 998 1666 aut
1024 1613 1112 1666 uerte
1135 1607 1272 1669 animum
1295 1627 1363 1686 gra·

114 1706 290 1785 tissimmu.
324 1707 404 1768 Vale
428 1716 459 1768 et
482 1709 541 1770 tibi
565 1710 671 1770 omnia
693 1710 733 1769 de
757 1708 1065 1788 arepersuade,mi
1086 1711 1278 1772 suavissime
1293 1712 1363 1772 Phi-

116 1809 222 1886 lippo.
269 1811 319 1870 22.
343 1812 529 1872 Decembris
556 1815 602 1874 18.
1094 1873 1171 1958 OS
1207 1901 1227 1960 d

591 2135 738 2230 ruuo
785 2139 908 2274 rara.

119 2293 155 2372 ss
198 2316 253 2372 uo.
272 2313 341 2376 aar.
387 2276 465 2391 (uu.
481 2318 504 2372 1.
528 2336 554 2389 p.
572 2311 636 2395 aa.)
1208 2316 1254 2374 ro.
1278 2319 1365 2392 spru.

205 2399 330 2429 ΚΑΛ
1196 2399 1368 2426 Μ

197 2485 482 2580 christophorus
510 2489 727 2560 Sclreorttur
758 2489 808 2560 ad
835 2487 928 2561 Pltt.
955 2479 1297 2563 Metanoia-torrem.

133 2595 136 2606 ¹
196 2622 254 2672 Hae
274 2640 378 2688 quoque
397 2623 506 2676 litterae
525 2625 642 2690 primum
662 2624 735 2690 typis
755 2623 911 2693 descriptae
929 2621 1031 2676 suntor
1045 2623 1141 2676 eodem
1155 2623 1223 2676 libro
1239 2626 1314 2676 Tam.
1330 2625 1364 2676 ll.

232 2728 261 2778 p.
277 2709 319 2762 84.
341 2709 385 2760 Νι.
401 2709 458 2763 193.

535 2805 696 2896 ΡΙιὶΙὶρρο
720 2809 961 2875 Melanchtam’.

178 2910 182 2918 ⁴
215 2931 257 2994 Se
288 2940 396 2996 totam.
429 2935 582 3018 ,litteras
611 2942 681 2995 tuas
695 2933 719 3011 ¹)
748 2934 892 2996 dedimus
928 2933 1185 3008 Franclrlordium
1223 2935 1368 3004 deleren-

120 3039 203 3108 daS,
234 3057 297 3113 qtro
327 3039 423 3099 audio
448 3039 620 3100 convenire
643 3044 715 3098 tuos
738 3039 917 3114 l¹ubiugoS‚
948 3045 980 3096 et
1008 3037 1182 3116 diligenter
1211 3055 1367 3100 columen-

121 3141 203 3205 davi
236 3148 393 3224 qrrateuus
428 3142 604 3202 reddantur.
667 3142 713 3200 Ex
747 3142 885 3200 Ottboue
926 3141 1090 3218 intelligas
1125 3141 1369 3203 confoederatos

121 3244 349 3305 Stuokardiam
372 3245 552 3307 obsedisse.
598 3279 638 3288 -
664 3281 697 3288 —
727 3278 766 3288 -
800 3246 837 3306 D.
861 3244 1043 3314 Martinam,
1066 3245 1101 3304 D.
1125 3243 1369 3320 Wolffgaugum,

121 3348 339 3425 leronimum,
369 3348 493 3408 Petrum
516 3348 879 3410 Burehardumnomiue
903 3362 975 3406 rueo
1006 3346 1097 3408 iubes
1122 3347 1248 3409 salvere
1273 3347 1369 3422 pluri·

122 3468 220 3512 mum.
256 3449 345 3510 Vale.
375 3449 579 3528 Nurubergae
603 3450 637 3511 X.
663 3450 783 3528 Aprilis
807 3468 888 3513 auno
916 3450 1009 3510 1519.
1104 3536 1127 3593 C
1161 3533 1181 3592 S
1215 3534 1233 3594 d

648 3621 852 3632 m...

125 3747 154 3803 a.
203 3731 346 3802 usila
393 3727 640 3826 (volupia.)
1157 3809 1161 3825 1
1213 3741 1260 3798 11.
1284 3741 1360 3796 utu.

199 3827 325 3859 w„
1189 3820 1360 3849 Μ

196 3918 482 4010 christophorus
509 3917 726 3990 Scheurlt'us
757 3917 808 3989 ad
841 3913 935 3988 Pttt.
962 3911 1303 3989 Melancdtlmrrem.

199 4053 274 4103 Haeo
304 4053 422 4121 epistola
455 4031 571 4122 primum
604 4053 679 4102 edita
705 4059 747 4102 est
778 4052 805 4100 in
833 4051 928 4104 eodem
953 4050 1021 4100 libro
1051 4049 1177 4098 Tom.ll.
1203 4063 1230 4116 p.
1247 4045 1371 4098 91-93.

235 4136 282 4194 Nr.
301 4141 361 4191 aba.
381 4123 416 4176 —²
439 4137 542 4190 lbidem
561 4143 589 4205 p.
610 4137 644 4189 88
663 4155 703 4202 sq.
731 4137 776 4188 Nr.
796 4139 855 4190 200.
885 4135 1029 4186 exhibetur
1047 4131 1181 4184 Seheurlii
1200 4131 1317 4198 epistola
1339 4129 1373 4179 ud

221 4293 249 4357 1)
268 4292 341 4356 Haeo
359 4253 444 4346 verba
463 4300 592 4359 apertam
610 4293 645 4347 ad
664 4291 1024 4352 Malanelrthoaialitteras,
1043 4304 1156 4353 quaram
1175 4289 1276 4340 mentio
1296 4287 1328 4338 fit
1345 4287 1374 4339 ia

128 4380 251 4450 epistola
272 4395 287 4429 a
307 4379 515 4434 Melanelrthone
535 4382 569 4432 ad
588 4379 758 4449 Seheurlium
777 4379 820 4430 28.
840 4377 919 4428 Febr.
941 4373 1026 4442 (aurm
1045 4392 1098 4427 nou
1118 4373 1272 4442 adscripto)
1298 4375 1374 4436 data,

129 4469 249 4532 quaein
271 4465 484 4533 Gorp.llelorm.
506 4467 598 4518 Vol.l.
624 4485 653 4535 p.
668 4469 727 4518 147.
745 4465 793 4516 No.
806 4465 848 4516 63.
869 4463 940 4514 lalso
955 4463 989 4512 ad
1003 4477 1103 4511 artuum
1119 4464 1193 4513 1520.
1221 4461 1373 4510 aFoersta·
1458 4502 1461 4507 .

129 4571 232 4606 suanno
259 4553 363 4616 relata,
391 4555 482 4619 potius
509 4554 542 4602 ud
563 4569 661 4603 artuum
683 4553 758 4603 tottt.
778 4551 923 4601 referenda
943 4555 1000 4610 ast,
1025 4549 1097 4598 roal.
1119 4563 1187 4610 quae
1213 4547 1285 4596 inlra
1305 4563 1330 4611 p.
1345 4545 1371 4594 d.

131 4643 165 4691 ad
188 4640 338 4707 epistolam
358 4641 383 4689 7.
402 4641 520 4691 secundo
539 4641 598 4690 loeo
621 4641 766 4690 annotabo.

1170 4720 1214 4779 1.
