3046 5204
417 355 663 408 sarracenam
683 354 766 408 anun
789 354 861 410 reae.
1197 335 1262 408 iffi

123 513 149 590 l)
177 513 297 574 Christi
319 513 422 589 glorie
446 519 478 572 et
500 511 670 588 Evangelii
692 513 869 589 promotio,
899 511 952 572 eui
974 531 1037 572 non
1060 511 1183 572 sarrire
1206 527 1259 572 ne-

53 618 86 675 las
104 631 220 676 censeo.
272 617 337 675 Nec
367 613 452 676 enirn
481 625 620 690 unquam
650 613 728 676 satis
758 609 931 692 gratiarum
960 625 1057 692 agere
1080 629 1259 692 possumus,

54 721 114 794 quod
140 719 273 795 patriam
301 722 341 780 ab
371 719 539 796 impiorum
580 717 746 796 tyrannide
781 717 945 780 liberatam
976 719 1150 795 Evangelio
1182 734 1260 779 snae

54 821 188 882 claritatis
211 821 374 882 illustrare
397 820 551 900 coeperit.
587 822 634 882 Ad
652 819 685 881 id
707 819 891 898 cooperari,
916 827 1124 897 caeterosque
1148 837 1259 899 opera-

53 924 98 984 rios
116 924 222 985 iuvare
246 922 435 984 felicitatem
459 924 547 984 duco.

112 1025 142 1110 2)
174 1027 282 1087 Movet
316 1027 434 1087 deinde
471 1024 654 1087 reverentia
689 1023 850 1092 illustriss.
884 1025 1030 1102 mihique
1061 1025 1259 1088 Clementisa.

52 1129 179 1190 Electoris
200 1129 378 1196 Senoniae,
412 1145 503 1204 quem
529 1133 679 1206 expertas
703 1145 772 1188 saun
795 1127 874 1188 mihi
897 1145 1024 1207 semper
1048 1131 1258 1190 clementissi-

52 1249 110 1290 num
137 1239 166 1291 et
194 1233 458 1292 laventissintnm.
517 1230 629 1306 ltaque
663 1231 836 1291 confundar
864 1231 895 1290 in
928 1247 980 1292 me
1011 1233 1106 1309 ipso,¹
1140 1233 1168 1293 si
1197 1251 1258 1293 non

51 1335 158 1394 debeam
183 1335 230 1408 ei¹
246 1351 365 1394 morem
395 1345 524 1412 gerere,
555 1333 745 1410 quaesentim
768 1353 838 1394 eum
862 1335 924 1396 iem
946 1337 1042 1396 tertio
1067 1343 1177 1406 vocet,
1207 1342 1261 1396 aut

52 1438 197 1498 nouandum
220 1445 324 1508 curret,
349 1454 388 1498 nc
412 1439 517 1498 forsan
544 1453 703 1498 ...cosas
715 1435 738 1521 ¹)
763 1439 904 1509 iudicer,
928 1447 1065 1500 autnon
1090 1439 1155 1498 nisi
1176 1455 1260 1514 quac

51 1549 204 1611 acescat,
230 1557 384 1615 quaerere
406 1535 522 1603 ridear.

113 1641 143 1725 3)
169 1644 281 1704 Allicit
315 1651 348 1702 et
381 1643 530 1702 debitum·
557 1641 767 1719 Reipublicae
805 1643 1022 1714 Christianae,
1058 1645 1261 1722 potissimum

52 1753 129 1806 autam
151 1746 275 1822 patriae
300 1752 336 1804 en
355 1746 442 1804 illius
467 1746 624 1816 ciuitatis,
656 1746 686 1805 in
711 1763 775 1820 qua·
795 1753 842 1806 tot
856 1746 912 1822 *pii
935 1755 1007 1808 sunt
1030 1748 1169 1819 inventi,
1205 1749 1259 1823 qui

53 1866 89 1921 pro
109 1851 228 1910 Christo
254 1868 314 1930 non
338 1849 518 1908 dubitarunt
541 1847 648 1909 omnia
671 1851 869 1924 relinquere,
905 1850 977 1910 dnm
1001 1852 1259 1926 persecutionem

51 1959 222 2025 paterentur,
243 1951 381 2028 'expulsi
410 1951 561 2023 civitate,
592 1954 705 2028 quibus
734 1969 858 2012 rursum
887 1952 1010 2012 servire
1034 1953 1165 2014 Christo
1191 1969 1260 2030 gne-

52 2053 180 2114 tissimum
202 2073 265 2116 non
289 2053 409 2113 dubito.

16 2211 17 2214 ,
112 2157 143 2242 l)
170 2158 304 2218 Accedit
333 2164 366 2216 et
395 2159 472 2227 hoc,
504 2158 589 2232 quod
619 2171 688 2216 cum
722 2159 811 2221 locus
845 2159 888 2218 sit
910 2159 1026 2230 studii,
1059 2175 1260 2236 summopere

16 2309 17 2320 ,
51 2261 107 2319 ruini
134 2263 322 2322 conduceret
351 2261 503 2336 aliqualis
532 2261 707 2321 studiorum
735 2276 875 2322 meorum
907 2265 1081 2324 renovatio:
1134 2263 1193 2324 Per
1212 2268 1261 2322 tot

16 2381 17 2424 3
52 2364 112 2421 anim
138 2383 236 2424 annos
269 2365 335 2425 otio
365 2365 456 2440 quusi
489 2381 607 2424 vacans
635 2365 823 2426 exercitium
854 2365 1029 2426 studiorum
1059 2383 1120 2426 non
1152 2365 1261 2434 habui,

51 2467 111 2526 sieut
132 2471 228 2530 carbo·
247 2475 436 2546 segregatus
458 2469 498 2528 ab
521 2469 589 2545 igni
612 2470 660 2528 vel
677 2469 798 2528 ceteris
815 2471 924 2546 prunis
942 2471 1132 2531 ardentibus
1144 2469 1262 2530 amittit

52 2569 181 2630 virtutem.

16 2665 17 2670 ’
114 2674 144 2758 5)
173 2673 375 2738 Commodius
407 2674 502 2734 etiarn
533 2675 619 2734 lilios
652 2663 747 2734 meos'
771 2691 815 2736 eo
839 2675 902 2735 loci
938 2691 1067 2752 possem
1097 2677 1262 2754 applicare

52 2777 147 2848 sudio,
182 2797 265 2854 quos
294 2777 416 2852 alioqui
447 2779 618 2854 providere
653 2771 847 2838 neeessariis
881 2759 1034 2854 expensis
1071 2780 1169 2840 studii
1198 2798 1260 2840 non

52 2880 135 2950 valeo,
157 2898 280 2958 proque
303 2881 425 2941 eisdem
449 2880 595 2942 nonnihil
618 2883 775 2958 agendum
799 2897 938 2942 censeas

152 2985 324 3045 detrahunt
346 2991 449 3044 autem
473 2999 525 3043 rne
544 2985 586 3044 ad
607 2987 796 3048 manendum
819 2986 872 3045 hic

116 3088 144 3164 1)
163 3089 245 3159 Quia
269 3087 384 3147 fratres
408 3103 539 3147 manere
560 3089 710 3159 suadent,
745 3089 962 3149 necessarium
986 3093 1135 3166 putantes
1155 3088 1261 3149 Eecle

51 3187 101 3247 siae
119 3200 243 3252 nostrae
267 3207 349 3266 quae
372 3209 434 3250 non
459 3191 685 3260 minuendae,
712 3209 807 3267 quam
837 3199 911 3252 ante
941 3191 1152 3262 decennium,
1181 3209 1262 3268 opus

52 3290 125 3352 habet
151 3295 337 3372 Evangelio.
391 3294 485 3355 Satan
517 3295 601 3354 enim
630 3295 720 3355 rninis
749 3295 853 3356 modis
882 3297 1040 3372 impedire
1069 3301 1199 3356 eonatun
1231 3301 1263 3354 et

50 3395 191 3457 abducere.
246 3397 397 3483 Quamvis
424 3405 536 3458 autem,
559 3397 622 3457 sint
651 3396 727 3458 boni
757 3398 819 3458 viri
850 3406 881 3458 et
910 3399 1018 3469 docti,
1049 3400 1104 3474 qui
1135 3413 1260 3458 conser-

51 3513 106 3556 vare
127 3507 266 3574 possent,
289 3500 358 3560 Deo
383 3501 520 3569 favente,
546 3499 756 3559 nihilominus
777 3507 880 3560 tamen
905 3502 1065 3560 seniorum
1088 3501 1262 3560 auctoritas

51 3601 171 3662 nonnihil
194 3602 326 3664 &ficere
348 3603 481 3662 videtur.
538 3603 645 3673 Unde,
675 3621 746 3663 curn
768 3605 882 3664 Paulus
907 3605 1074 3664 munimem
1099 3604 1263 3664 collocarit.

51 3719 155 3776 operam
177 3708 214 3766 ad
239 3705 474 3767 conservandas
498 3707 671 3778 Ecclesias,
695 3725 778 3782 quas
799 3709 1007 3783 plantaverat,
1031 3715 1065 3768 ut
1080 3725 1137 3784 per
1152 3723 1261 3767 omnes

52 3807 182 3878 epistolas
204 3812 271 3870 fere
297 3810 367 3869 eius
392 3816 497 3886 petet,
521 3811 681 3887 indignam
707 3817 764 3871 ete.
811 3807 895 3891 (Hic
915 3810 1041 3872 desinit
1062 3805 1203 3891 epistula
1226 3814 1262 3868 in

53 3902 108 3968 lli.
128 3909 401 3991 blawburgensi.)
443 3925 445 3930 ’
1016 3923 1018 3930 “

543 4016 746 4034 ...μ-Ἠ

56 4096 105 4154 na.
136 4099 312 4164 natanta
358 4098 506 4182 (vana.
530 4052 662 4184 anan)
962 4151 964 4160 .
1134 4103 1262 4164 eleut

135 4186 302 4214 Μ
1135 4188 1268 4218 Μ,

250 4261 429 4334 Wenueal.
455 4262 595 4332 Lincua
622 4260 674 4330 ad
700 4259 1044 4332 Melanchthonem.
1146 4257 1153 4290 ³

105 4389 171 4442 Hace
200 4393 313 4460 epistola
340 4395 366 4444 h.
387 4394 405 4444 l.
432 4395 571 4444 recuditur
598 4411 632 4444 ex
659 4395 743 4446 hoece
778 4395 860 4447 libro:
897 4395 1082 4462 Epistularum
1112 4395 1262 4447 historico-

135 4480 380 4533 ecclesiasticarum
399 4482 496 4533 Seeulo
514 4481 585 4532 XVl.
613 4498 627 4531 a
653 4482 836 4533 celeberrimis
855 4484 921 4534 viris
941 4483 1106 4549 scriptarum
1125 4481 1264 4534 Semican-

55 4594 235 4612 ““-

122 4667 146 4732 1)
172 4669 277 4724 Priores
297 4673 379 4724 huius
397 4673 473 4726 vocis
495 4673 564 4723 duas
584 4673 703 4738 syllabae
722 4679 796 4724 certo
817 4674 909 4738 legere
928 4689 981 4724 non
1002 4675 1089 4740 potui.
