3072 5208
454 383 700 436 snrrcrnnura
719 385 801 436 anm
830 386 905 438 raro.
1233 367 1299 438 215

171 539 355 592 institutiones
375 539 542 592 christianae
568 539 710 604 religionis
736 538 913 602 exhibentur,
940 557 967 607 p.
987 541 1029 594 31.
1056 547 1136 606 atque
1161 543 1187 593 in
1214 544 1299 598 hacce

170 623 303 676 Editione:
331 626 406 678 ioan.
425 624 529 676 Caluini
548 625 690 692 Epistolae
710 632 736 675 ot
755 625 906 691 Responsa.
950 625 1078 678 Eiusdem
1098 629 1173 681 ioan.
1194 629 1299 680 Galvini

167 713 218 763 rita
236 726 252 762 a
270 711 372 763 Theod.
391 709 463 761 Beza
482 711 631 778 descripta.
651 709 701 762 Ed.
720 713 744 764 3.
766 709 916 776 (lionoriae
940 711 1014 764 1597.
1034 712 1094 778 8⁰.)
1114 731 1140 782 p.
1155 715 1299 767 tre-147.

166 797 250 866 Epist.
266 797 311 849 tte.
330 823 364 835 -
388 795 417 847 ln
442 798 564 861 lingnam
595 796 729 862 anglicam
755 797 889 848 translata
920 797 1021 862 iegitur
1054 799 1081 848 in
1107 799 1190 852 hoece
1215 799 1298 852 libro:

167 885 270 934 Leteers
294 883 324 934 cl
345 883 412 935 loha
438 881 531 934 Calain
555 883 692 950 compilcd
719 882 788 935 tram
814 883 861 934 the
887 884 1006 948 original
1031 885 1216 952 manuscripts
1244 886 1299 937 aad

166 971 256 1022 editori
274 970 340 1022 with
360 959 501 1024 historiari
529 975 606 1023 notes
631 969 666 1034 hy
684 967 730 1022 lir.
752 969 824 1024 iulos
843 969 966 1022 Bortnot.¹
995 970 1056 1022 Vol.
1077 971 1098 1022 l.
1135 969 1299 1024 'translated

109 1113 112 1123 ‚
168 1057 232 1110 lrorn
250 1057 298 1111 the
317 1054 435 1120 original
454 1055 520 1106 latin
536 1055 590 1104 and
604 1054 708 1105 lrench.
732 1053 934 1122 (Philadelphia
953 1072 976 1108 s.
994 1071 1020 1108 a.
1038 1053 1097 1122 8⁰.)
1114 1056 1297 1146 peda—440.
1342 1127 1343 1130 Ἴ

459 1189 619 1256 Calvinus
641 1189 902 1254 Melanohrlront.

150 1333 207 1395 Cur
229 1331 283 1388 hic
311 1327 430 1388 nobilis
454 1334 486 1387 et
509 1328 582 1403 pins
612 1327 802 1387 adolescens
832 1327 1063 1403 prosectionem
1094 1329 1190 1397 lianc,
1226 1347 1297 1390 meo

16 1447 17 1468 ¹
80 1441 188 1510 rogatu,
219 1431 258 1493 ad
283 1449 340 1490 vos
364 1431 559 1506 susceperit,
592 1431 703 1506 paucis
733 1445 899 1506 exponam.
951 1429 1104 1489 Libellum
1136 1429 1297 1493 edideram

80 1536 171 1612 lingua
193 1535 333 1612 vulgari,
357 1549 420 1608 quo
436 1548 543 1592 eorum
560 1531 798 1593 simulationem
816 1533 1107 1608 reprehendebam,
1132 1532 1186 1608 qui
1202 1551 1298 1610 quum

77 1637 225 1716 Evangelii
246 1637 319 1696 luce
342 1635 450 1695 donati
474 1635 556 1704 sint,
591 1654 652 1695 non
683 1643 787 1696 lamen
811 1635 971 1695 abstinent
995 1636 1033 1694 ab
1057 1636 1133 1695 nilis
1156 1635 1296 1713 Papista-

79 1757 130 1799 rum
157 1739 271 1807 sacris,
310 1755 391 1812 quae
428 1738 531 1798 sciunt
569 1737 733 1814 sacrilegii
772 1737 801 1796 e't
832 1737 1042 1796 anathematis
1082 1739 1177 1812 plena
1213 1755 1296 1799 esse.

38 1869 43 1877 ·
78 1843 170 1902 hlalles
205 1844 289 1902 forte
320 1858 370 1902 me
398 1839 519 1916 aliquid
557 1839 597 1900 de
633 1848 696 1902 tam
733 1840 879 1916 praecisa
916 1841 1091 1900 severitate
1121 1843 1295 1902 remittere.

77 1947 174 2006 Verum
198 1963 289 2022 quam
315 1941 428 2004 iustam
452 1961 577 2004 oausam
603 1941 784 2011 habuerim,
815 1959 849 2001 re
883 1943 963 2001 beno
995 1958 1154 2020 perpensa
1185 1951 1216 2004 et
1246 1964 1296 2006 co-

77 2049 164 2124 gnita,
187 2047 353 2108 iudicabis.
399 2045 499 2118 Quum
522 2045 664 2106 audirem
690 2043 805 2104 rnultos
836 2043 876 2103 de
900 2061 970 2104 meo
995 2045 1102 2121 rigore
1132 2051 1296 2124 conqueri,

77 2169 105 2210 ac
125 2149 307 2226 praesertim
338 2165 377 2210 ex
407 2165 515 2208 eorum
546 2162 683 2225 genere,
719 2145 774 2222 qui
802 2154 889 2207 tanto
921 2146 984 2205 sibi
1016 2147 1088 2223 plus
1112 2165 1228 2224 sapere
1252 2153 1296 2210 vi-

77 2253 187 2322 dentur,
219 2259 337 2326 quanto
361 2249 547 2328 diligentius
571 2250 658 2310 vitae
682 2265 760 2310 suae
784 2256 913 2310 cavent:
948 2248 1189 2310 excrrsationem
1214 2271 1295 2313 coru-

77 2355 170 2429 posui‚
200 2371 282 2431 quae
305 2353 371 2414 illis
395 2370 488 2414 aures
512 2353 676 2428 aliquanto
700 2353 810 2413 durius
834 2351 998 2412 vellicavit
1031 2370 1122 2428 utram
1147 2355 1235 2430 prior
1259 2356 1295 2414 li-

76 2459 169 2518 hellus,
219 2456 328 2527 Multi,
364 2457 478 2534 quibus
510 2455 626 2534 religio
658 2475 715 2532 pro
747 2453 954 2532 philosophia
986 2463 1053 2524 est,
1092 2443 1206 2515 secure
1234 2461 1296 2518 hoc

76 2567 158 2622 totum
181 2565 392 2623 contemnunt.
443 2557 630 2634 Quicunque
653 2560 738 2618 serio
762 2560 862 2619 Deum
883 2556 1013 2626 timent,
1044 2573 1083 2618 eo
1107 2560 1221 2620 saltem
1244 2579 1294 2621 us-

77 2681 126 2738 qne
146 2672 215 2726 sunt
239 2662 392 2741 pronunti,
416 2671 450 2724 ut
471 2661 532 2723 sibi
556 2663 730 2740 displicere
755 2662 917 2738 incipiant.
964 2661 1025 2721 Sed
1051 2663 1200 2738 quoniam
1226 2681 1294 2740 per-

75 2767 151 2840 plexa
174 2767 240 2830 illis
266 2783 315 2827 res
340 2767 482 2835 videtur,
506 2767 608 2828 adhuc
632 2768 764 2826 haerent
787 2763 896 2834 dubii,
920 2765 1022 2825 donec
1046 2771 1097 2826 tun
1122 2773 1154 2826 et
1176 2769 1211 2828 D.
1236 2769 1294 2828 Lu-

75 2870 142 2930 theri
169 2868 360 2930 auctoritate
389 2869 620 2929 confirmentur.
671 2867 708 2927 Et
741 2866 868 2942 quidem
899 2881 1030 2936 vereor,
1062 2883 1102 2928 ne
1133 2867 1206 2928 ideo
1238 2888 1295 2930 vos

75 2976 237 3042 consulant,
262 2971 344 3046 quod
370 2977 500 3046 sperent
524 2988 581 3029 vos
606 2967 669 3029 sibi
693 2969 761 3028 lore
785 2967 940 3028 mitiores.
976 2967 1170 3045 Quocunque
1191 2979 1294 3032 tarnen

75 3073 98 3131 id
117 3076 226 3136 iaciant
250 3071 374 3141 animo,
409 3071 484 3148 quia
507 3079 593 3132 certo
617 3086 791 3144 persuasus
823 3087 891 3130 snm
918 3089 974 3130 vos
1005 3071 1102 3130 fidele
1130 3073 1212 3149 ipsis
1236 3089 1294 3147 pro

74 3184 159 3236 vestra
181 3175 385 3244 sinceritate,
410 3180 441 3233 et
465 3192 522 3250 pro
548 3179 653 3232 vestra
676 3171 773 3232 etiam
790 3173 946 3248 singulari
965 3172 1133 3247 prudentia
1152 3175 1293 3235 salutare

74 3279 222 3339 rorrsilinm
248 3279 396 3346 daturos,
418 3276 555 3337 libenter
577 3293 628 3336 me
651 3277 804 3336 facturum
829 3277 939 3352 recepi
963 3274 1047 3350 quod
1071 3280 1235 3351 petebant,
1259 3285 1293 3338 ut

74 3380 214 3444 bominem
244 3381 317 3442 data
347 3392 446 3457 opera
476 3379 515 3440 ad
540 3397 597 3440 vos
620 3375 790 3440 mitterem.
843 3377 997 3449 Quoniam
1028 3385 1133 3438 autem
1164 3397 1291 3458 magno-

73 3498 134 3553 pere
161 3487 279 3546 reterre
311 3481 501 3553 arbitrabar,
534 3501 594 3543 nou
626 3482 719 3544 modo
751 3482 942 3542 sententiam
972 3497 1073 3542 memn
1099 3483 1189 3542 vobis
1221 3501 1292 3560 per-

73 3595 194 3660 spectam
225 3605 316 3657 esse,
347 3587 403 3646 sed
433 3585 573 3648 rationes
605 3587 699 3647 etiam
731 3585 844 3661 quibus
876 3583 1029 3646 adductus
1060 3586 1105 3646 ita
1129 3585 1292 3656 sentirem,

73 3707 122 3749 nou
143 3708 212 3752 esse
235 3691 432 3769 incognitas,
463 3691 600 3751 libellos·
624 3689 656 3749 in
688 3689 826 3765 linguam
857 3689 1001 3748 Latinam
1031 3691 1135 3749 statim
1167 3697 1292 3750 verten-

73 3790 118 3850 dos
144 3795 259 3854 curavi.
316 3794 455 3853 'i'ametsi
485 3801 589 3854 autern
622 3793 767 3868 improbe
797 3791 857 3850 hoe
887 3793 993 3851 lacere
1024 3791 1128 3851 videri
1160 3793 1291 3867 possim,

73 3898 157 3956 tamen
178 3913 234 3974 per
254 3903 398 3960 nostram
421 3894 596 3958 amicitiem
609 3892 632 3973 ¹)
655 3903 687 3954 te
711 3911 806 3970 rogo,
830 3900 863 3954 ut
884 3894 1013 3970 legendi
1029 3894 1168 3956 taedium
1185 3894 1294 3955 subire

73 4011 254 4060 noroenses.
309 3997 400 4060 'lenti
432 3998 586 4059 indicium
609 4004 694 4058 tumn
718 3997 820 4066 t'acio,
853 3995 949 4058 sicuti
980 4013 1036 4074 par
1061 4002 1125 4066 est,
1156 4004 1190 4057 ut
1212 3996 1292 4058 mihi

73 4097 107 4154 sit
126 4099 382 4160 molestissimum
406 4099 577 4176 quidquam
608 4115 659 4160 me
689 4100 873 4174 suscipere,
905 4087 989 4174 qu'od
1011 4097 1072 4157 tibi
1095 4099 1197 4159 minus
1223 4115 1292 4174 pro·

73 4232 256 4246 ὴ--ιι-ιιι

147 4321 170 4384 t)
195 4339 243 4390 per
267 4329 390 4392 nostram
415 4322 576 4388 amicitiam]
604 4321 667 4372 inde
692 4321 724 4370 ab
751 4321 794 4372 his
813 4321 905 4372 vorbis
924 4335 1009 4384 usqne
1035 4321 1069 4371 ad
1090 4337 1136 4385 ca,
1163 4339 1232 4386 quae
1251 4323 1291 4373 in-

74 4401 144 4458 ierint
171 4408 310 4474 le'gnntur:
351 4410 595 4472 „concertationes
626 4424 675 4461 nos
705 4407 869 4486 abripiant,¹
888 4407 1086 4474 propemodum
1119 4409 1293 4462 exanimor

75 4489 202 4544 adorantur
219 4495 246 4546 in
265 4485 589 4562 germanicam'lingnam
607 4493 742 4546 translata
763 4509 776 4542 a
797 4492 878 4544 Paulo
898 4491 988 4558 lienrr
1007 4494 1033 4542 in
1053 4492 1137 4544 libro:
1163 4489 1221 4546 aar
1244 4491 1290 4547 ies

75 4571 111 4626 ten
127 4573 222 4641 ffitonn
241 4575 351 4655 (toletus
370 4583 412 4635 bre
432 4575 721 4650 qrntrntteinrmotota.
741 4575 789 4632 ab,
804 4579 838 4629 lt.
860 4575 1000 4648 (bruburg
1013 4579 1088 4632 1838.
1109 4577 1166 4643 8⁰.)
1192 4596 1217 4654 p.
1229 4580 1296 4652 345.ι

76 4666 128 4710 nota
146 4665 168 4712 l.
