3072 5208
480 339 726 394 saracenorum
746 341 829 393 xxm
849 343 926 396 raro.
962 385 964 390 .
1256 322 1320 394 281

106 516 197 562 nmero
218 501 384 570 desierim,
414 504 467 560 aut
490 498 599 560 odisse
623 495 804 574 coeperim:
839 498 903 558 Sed
927 499 1009 573 quod
1034 497 1147 560 infelix
1170 500 1226 560 illa
1249 517 1319 559 con-

104 603 191 664 tentio
217 605 297 686 inter
319 604 357 664 D.
379 599 566 662 Laeliorum
587 601 615 664 b.
639 619 680 661 m.
704 605 736 660 et
759 619 817 661 nos
843 602 1078 671 intercesserit,
1101 602 1194 661 timui
1217 603 1320 672 uelde,

103 723 135 766 ne
155 706 181 766 si
203 722 385 784 pergerem,
408 704 455 765 uti
478 719 664 781 coeperam,
689 703 880 765 familiarius
904 709 936 763 te
958 706 1097 766 salutare
1113 709 1145 763 et
1159 705 1321 781 Epistulas

103 826 132 870 ac
152 811 256 870 Libros
279 809 424 878 mittere,
452 809 488 869 D.
511 809 724 868 botherum
755 806 787 866 in
817 813 849 866 te
875 807 1082 878 concitarem,
1112 823 1322 884 rnegnomque

102 910 151 971 tibi
172 912 250 988 apud
272 912 392 972 multos
415 910 610 974 morosiores
633 910 854 986 suspicionem
875 910 1064 980 excitarem,
1096 911 1187 986 qrrasi
1217 912 1321 970 nobis-

102 1031 161 1073 cum
182 1013 374 1075 colluderes:
411 1013 520 1088 Neque
552 1011 636 1072 enim
666 1013 868 1089 ignorabam,
902 1012 953 1070 vel
985 1027 1024 1073 ex
1048 1013 1169 1072 ultimis
1193 1011 1259 1073 illis
1283 1014 1322 1074 nd

101 1132 143 1176 me
164 1117 225 1176 luis
248 1115 399 1186 edoctus,
425 1129 507 1190 quae
529 1131 644 1191 passus
668 1113 791 1184 fueras,
824 1133 885 1175 non
910 1113 955 1175 ite
977 1114 1099 1190 pridem
1124 1132 1143 1174 a
1165 1115 1322 1175 Fratribus

102 1218 275 1294 quibusdam
298 1217 557 1294 inquietioribus.
608 1217 672 1278 lom
694 1231 771 1276 vero
803 1233 897 1292 quum
926 1217 961 1277 D.
986 1218 1187 1278 botherus
1212 1219 1322 1294 migra«

101 1321 172 1382 verit
194 1321 233 1382 ad
252 1321 441 1391 Dominum,
466 1333 525 1381 neo
546 1317 589 1379 sit
607 1316 705 1378 ullum
721 1317 898 1395 periculum
915 1320 1051 1396 amplius
1067 1319 1322 1382 exacerbationis

101 1424 172 1484 inter
191 1432 223 1486 te
247 1431 281 1485 et
303 1423 410 1494 illum,
434 1424 519 1499 quod
542 1423 805 1500 suggestionibus
830 1430 1023 1499 provocent,
1049 1423 1163 1499 qtribns
1188 1425 1309 1484 Concor

101 1526 145 1588 dia
164 1527 245 1588 inter
267 1529 391 1588 Fratres
411 1528 496 1590 ,tanti
519 1545 581 1588 non
604 1527 658 1596 lit,
683 1524 793 1602 quanti
816 1525 930 1586 merito
950 1528 1023 1587 fieri
1038 1528 1185 1598 deberet,
1210 1533 1321 1605 repeto

101 1630 245 1691 scribendi
267 1631 427 1702 officium,
450 1647 488 1691 ac
510 1645 639 1707 pergam
664 1627 695 1689 in
720 1644 758 1688 eo
774 1629 964 1705 diligenter,
988 1629 1052 1690 nisi
1066 1636 1099 1690 tu
1116 1629 1207 1690 nobis
1224 1630 1322 1707 signi-

101 1734 184 1804 llces,
209 1733 298 1810 quod
328 1731 390 1796 tibi
402 1732 427 1814 ¹)
456 1750 497 1794 ne
520 1749 603 1793 nunc
626 1731 753 1807 quidenr
785 1732 910 1809 integra
934 1737 967 1792 et
989 1739 1078 1809 grate
1108 1731 1151 1792 sit
1181 1749 1251 1794 mea
1281 1735 1322 1792 l-

99 1836 265 1898 miliaritas.
310 1839 391 1900 Nolo
415 1837 494 1908 tibi,
519 1833 746 1898 colendissimo
769 1837 812 1895 mi
834 1835 1001 1912 Philipps,
1026 1837 1115 1896 oneri
1140 1851 1224 1906 esse,
1249 1839 1322 1897 nolo

98 1939 151 1999 tibi
171 1939 421 2001 incommodare:
444 1938 559 2000 Sinon
582 1940 758 2000 benacum
781 1937 886 2014 gratia
908 1944 962 1998 tna
986 1940 1126 2000 scribere
1149 1940 1238 2010 licet,
1264 1957 1324 2018 age

98 2044 198 2103 tacebo
228 2045 350 2116 libens;
386 2043 513 2104 interim
542 2057 618 2102 vero
650 2040 731 2102 nihil
771 2039 873 2102 minus
909 2049 942 2102 te
973 2039 1107 2118 oolam¹l
1142 2049 1174 2102 et
1204 2047 1324 2104 anrabo.

97 2145 126 2204 D.
152 2148 367 2207 Lutherum
391 2147 502 2208 Virum
530 2146 673 2216 doctum,
710 2152 741 2204 et
773 2145 813 2204 de
843 2135 988 2206 Ecclesia
1016 2147 1137 2220 optime
1167 2147 1323 2216 meritum,

98 2249 209 2324 gaudeo
233 2249 391 2326 migrasse
413 2250 452 2311 ad
473 2250 660 2318 Dominum,
689 2265 751 2308 non
781 2246 914 2324 propter
944 2265 1103 2319 corissum,
1139 2263 1232 2325 qnam
1256 2267 1323 2309 curn

97 2348 144 2411 illo
166 2352 332 2414 babuimus
356 2352 561 2431 litigandum:
596 2349 751 2412 Dominus
780 2350 886 2424 novit3
925 2350 988 2411 Sed
1019 2353 1101 2427 quod
1133 2353 1223 2414 rnolis
1248 2355 1323 2414 libe-

97 2461 172 2516 ratus
193 2456 358 2527 maximis,
381 2456 562 2532 turmisque
587 2460 716 2532 ereptus
741 2453 996 2526 calamitatibus,
1020 2473 1143 2515 cursum
1168 2471 1255 2516 suum
1281 2459 1323 2516 le-

96 2556 192 2620 liciter
215 2559 369 2630 absolvit,
401 2565 432 2620 et
456 2576 538 2620 nunc
560 2575 632 2620 cum
654 2557 792 2618 Domino
816 2563 942 2628 nostro,
977 2558 1028 2617 cni
1053 2557 1203 2628 servivit,
1229 2562 1324 2620 laeta-

14 2657 15 2662 ’
96 2661 189 2722 turin
212 2663 333 2740 gloria:
356 2661 487 2724 Interim
509 2679 571 2722 non
596 2661 799 2722 mediocriter
823 2661 936 2731 doleo,
965 2660 1021 2721 illo
1046 2679 1103 2722 nos
1127 2661 1203 2723 Viro
1227 2661 1323 2723 desti-

96 2771 187 2836 tutos,
222 2767 315 2830 cuius
339 2783 402 2844 ope
426 2771 458 2826 et
482 2764 620 2826 consilio
644 2763 677 2824 in
701 2765 861 2824 communi
885 2763 1065 2842 Religionis
1098 2781 1212 2826 caussa
1235 2774 1323 2842 pote-

96 2885 190 2930 ramus
218 2867 373 2954 iuvari:⁸)
408 2871 546 2931 Tametsi
578 2865 663 2928 enim
696 2885 753 2943 pro
784 2867 888 2927 barnis
919 2870 1075 2928 humanae
1106 2869 1237 2945 ingenio
1269 2889 1327 2930 suo

94 2972 232 3038 babuerit
261 2974 359 3044 vitia,
395 2973 523 3050 insigne
554 2980 658 3033 tamen
692 2970 898 3032 Constantios
931 2972 1153 3032 documentum
1162 2969 1187 3050 ⁴)
1217 2989 1325 3034 conse-

95 3083 176 3137 cutus
198 3079 292 3139 fortis
316 3085 349 3138 ct
370 3083 467 3138 tenax
489 3075 549 3136 luit
572 3076 605 3136 in
629 3074 801 3135 retinenda
815 3073 1015 3150 Synceritate
1036 3075 1199 3136 doctrinae
1218 3083 1327 3137 contre

94 3177 247 3256 Papisius,
280 3181 393 3255 quibus
416 3179 498 3240 nibil
522 3175 656 3240 concedi
680 3177 781 3237 voluit
812 3192 871 3252 per
895 3175 1148 3252 compositiones
1174 3185 1205 3238 et
1229 3181 1324 3239 collo-

96 3281 168 3355 quia.
213 3281 303 3344 Vidit
332 3283 417 3344 haud
447 3279 558 3350 dubie,
592 3297 650 3356 pro
680 3278 836 3355 singulari
867 3294 924 3340 sua
956 3279 1141 3354 prudentie,
1179 3279 1325 3340 homines

95 3382 167 3447 istos
198 3384 320 3448 ortibus
351 3393 383 3446 et
412 3385 599 3460 insyncere,
629 3384 724 3442 immo
754 3383 912 3459 maligne,
946 3382 1053 3442 omnia
1076 3399 1182 3460 egere.
1236 3382 1324 3444 Vidit

95 3503 196 3563 parum
218 3495 273 3550 aut
295 3487 376 3550 nibil
401 3487 443 3549 iis
466 3488 624 3564 reliquum
648 3501 722 3546 esse
740 3486 826 3560 spei:
851 3484 937 3547 Dicit
954 3486 1040 3546 enim
1053 3484 1199 3546 Salvator
1216 3491 1324 3546 noster

95 3588 123 3652 in
144 3593 334 3670 Evangelio:
356 3589 523 3670 Quomodo
543 3594 681 3672 potestis
704 3607 761 3649 uos
782 3588 937 3660 credere,
960 3593 1019 3670 qur·
1032 3588 1180 3667 glorr'om
1197 3609 1218 3648 o
1234 3587 1325 3650 uobis

96 3699 224 3758 invicem
252 3701 424 3777 accipitis,
458 3707 491 3756 et
517 3697 683 3774 gloriam,
717 3713 804 3776 quac
833 3713 855 3752 a
884 3694 954 3755 solo
981 3688 1056 3753 Deo
1084 3689 1342 3774 proficiscitur„

95 3791 364 3882 conquaeritat?
406 3797 565 3875 Expendit
590 3797 645 3858 ille
671 3797 756 3874 quod
778 3798 893 3860 Pardus
918 3795 1091 3860 electionis
1115 3815 1171 3857 vas
1190 3795 1231 3854 de
1251 3795 1322 3855 istis

96 3901 221 3978 loquens
243 3903 425 3968 hominibus
449 3901 546 3967 dixit:
580 3897 907 3966 Hermionam
935 3909 1042 3963 mom
1070 3905 1235 3980 corrrrpti,
1263 3921 1316 3959 ro-

96 4011 236 4069 arbtentcs
259 4011 404 4070 ceritati
427 4016 460 4065 et
480 4001 619 4086 reprobe·
638 4009 730 4065 cirea
743 3997 866 4080 fidem,
890 4013 922 4063 ct
935 4000 1175 4064 hosacercore.
1214 4003 1326 4078 Spern-

173 4199 201 4265 1)
226 4202 281 4254 uisi
304 4207 334 4252 tu
358 4200 438 4252 nobis
466 4200 553 4265 sige,
582 4198 653 4263 quod
678 4197 743 4264 tibi]
771 4197 898 4250 erbttottr.
921 4196 1076 4276 Bremeou
1107 4195 1159 4246 nisi
1191 4202 1219 4246 tu
1246 4195 1328 4257 nolis,

99 4297 126 4335 oe
142 4287 187 4337 ti·

162 4287 202 4441 bil)
225 4375 294 4426 nibil
313 4375 403 4426 minus
421 4380 449 4425 le
469 4371 568 4439 oolam]
588 4371 657 4424 Bibl.
677 4373 783 4424 Bremt
804 4369 980 4422 nihilominus
999 4367 1085 4421 oolam
1104 4376 1131 4419 te

174 4460 200 4525 3)
225 4461 281 4514 Hoc
304 4461 339 4512 de
364 4460 483 4511 Luthero
508 4459 640 4512 iudicium
666 4475 699 4510 ex
724 4461 776 4509 hac
796 4455 914 4524 epistola
938 4461 1095 4521 excerptum
1116 4455 1227 4506 exbibet
1246 4457 1268 4508 l.
1288 4456 1326 4508 H.

99 4543 262 4614 Holliugerus
283 4547 354 4600 trist.
373 4546 444 4601 Eool.
466 4546 541 4600 Tem.
556 4547 602 4596 Vl.
622 4564 651 4615 p.
666 4547 725 4598 768.

175 4633 204 4698 4)
227 4631 430 4700 documentum]
451 4632 521 4684 Bibl.
540 4633 766 4686 Brema‘douum
