3084 5208
189 291 253 364 tat
584 310 829 364 surrentinum
854 309 937 362 auur
957 311 1033 396 rasa.

275 467 417 532 Salutem
448 467 557 530 dicunt
581 465 750 546 plurimam
775 501 814 512 -
839 503 878 514 -
902 467 1124 544 —quaedam
1155 467 1427 530 commemoranda

189 575 270 630 suut.
326 569 416 656 (Hae
447 577 580 633 initiam
620 570 716 652 apud
756 567 1162 634 Brotscbaeideram
1193 573 1216 632 l.
1239 574 1262 633 l.
1295 594 1333 653 p.
1356 572 1425 631 tta.

189 673 352 757 lerata-l

275 795 397 857 Passim
426 812 483 872 per
512 795 695 856 universam
719 793 921 855 Germaniam
949 801 1104 871 vagantur
1134 793 1262 870 quidam
1293 809 1428 860 errores,

189 896 336 958 homines
368 897 499 958 fanatici
532 905 564 958 et
593 897 803 974 impostores,
834 896 890 973 qui
922 897 1098 974 praecipue
1130 898 1320 974 profitentur
1350 898 1429 956 Ana-

189 999 397 1077 baptismum,
435 1007 468 1061 et
496 1003 578 1062 hanc
607 1002 724 1061 habent
752 1007 859 1061 notam
889 1017 967 1062 suaa
1002 1007 1130 1069 sectae,
1167 999 1251 1075 quod
1282 1001 1429 1060 damnato

190 1103 346 1164 inlautum
376 1103 533 1182 baptismo
565 1121 674 1164 rursus
707 1103 917 1180 baptizantur.
971 1103 1038 1163 lloc
1061 1104 1237 1177 symbolum
1262 1109 1312 1162 est
1336 1101 1430 1161 huius

189 1205 351 1268 factionis
402 1207 497 1267 Porro
528 1223 682 1283 nusquam
714 1205 844 1284 publice
875 1214 1025 1266 evomunt
1056 1225 1147 1266 strum
1176 1205 1281 1274 virus,
1318 1203 1430 1264 sedin

191 1310 341 1380 latebris,
371 1309 524 1370 videlicet
548 1310 629 1370 iutra
659 1317 743 1371 tecta
767 1311 972 1370 obscurorum
1005 1309 1184 1379 hominum,
1217 1309 1379 1369 interdum
1400 1307 1430 1367 in

191 1411 311 1492 sylvis,
333 1419 367 1473 ut
390 1414 492 1474 latere
513 1413 647 1490 possint.
693 1415 770 1472 Cum
794 1411 878 1472 enim
903 1411 1034 1472 videant
1057 1411 1139 1472 nihil
1170 1427 1242 1473 esse
1266 1409 1431 1480 efficacius

191 1513 230 1574 ad
253 1515 410 1576 fallendos
433 1515 557 1578 animos
587 1513 750 1576 hominum
781 1531 875 1590 quam
904 1514 1049 1591 speciem
1080 1508 1215 1592 magnae
1239 1511 1432 1574 humiliimis
1532 1545 1533 1568 r

191 1635 229 1676 ac
251 1617 447 1694 patientiae,
470 1617 685 1696 gratissimam
707 1632 783 1676 vero
808 1616 992 1678 homiuibus
1013 1632 1086 1678 esse
1108 1615 1357 1685 liberalitatem,
1381 1616 1432 1674 do-

192 1727 265 1779 cent
293 1721 462 1782 facultates
491 1721 523 1781 in
555 1736 719 1781 commuue
748 1720 958 1780 conterendas
991 1735 1073 1780 esse.
1125 1719 1163 1780 Et
1191 1725 1225 1778 ut
1260 1718 1433 1779 vindictam

192 1837 315 1883 omnem
338 1822 534 1900 improbent,
565 1828 681 1899 negant
711 1819 886 1882 christiano
917 1815 1018 1881 licere
1050 1820 1186 1899 imperia
1216 1827 1328 1882 tenere
1363 1820 1432 1882 siue

193 1923 388 1986 hereditaria
412 1925 483 1986 sive
506 1923 571 1986 alia
595 1922 758 2000 legitima,
783 1929 899 2000 negant
922 1939 1110 1985 coricessum
1134 1941 1207 1984 esse
1228 1924 1433 2001 magistratus

192 2041 324 2103 gerere,
355 2043 508 2088 exercere
541 2025 677 2096 iudicia,
707 2027 783 2086 dare
814 2024 1051 2096 iusiurandum,
1082 2027 1223 2102 denique
1254 2029 1371 2087 tollunt
1402 2043 1433 2086 re
1533 2075 1534 2080 ,

192 2128 266 2206 ipsa
289 2129 455 2207 politicam
480 2130 730 2200 ordinationem,
762 2145 854 2204 quam
878 2131 964 2190 Deus
990 2137 1022 2190 et
1046 2129 1187 2192 instituit
1210 2131 1242 2189 et
1266 2133 1432 2208 approbat.
1533 2119 1534 2154 i

192 2233 229 2292 Et
258 2233 298 2292 de
330 2233 476 2310 imperiis
506 2232 564 2294 alii
593 2233 673 2293 alias
705 2234 821 2292 habeut
852 2229 1027 2292 seditiosas
1060 2232 1240 2310 opiniones.
1298 2233 1432 2304 Quidam

192 2337 324 2413 docent,
358 2337 584 2415 Anabaptistas
613 2334 768 2396 divinitus
799 2343 930 2396 vocatos
960 2352 1050 2406 esse,
1083 2344 1117 2397 ut
1148 2354 1228 2398 nova
1260 2344 1291 2396 et
1325 2343 1434 2398 sancta
1533 2343 1534 2382 t

193 2439 330 2518 imperia
354 2441 564 2511 constituant,
590 2442 673 2500 bella
695 2439 769 2501 aliis
794 2439 947 2510 inferant,
983 2448 1013 2500 et
1038 2441 1188 2501 inchoent
1213 2441 1290 2500 illud
1316 2459 1432 2502 novum

193 2561 324 2621 reguum
347 2546 445 2606 lsrael
469 2546 500 2604 iu
525 2546 635 2614 terris,
660 2545 784 2619 dequo
810 2542 909 2604 citant
927 2545 1164 2620 apocalypsim.
1211 2543 1279 2604 lloc
1301 2544 1431 2620 impulsi

192 2648 299 2710 lurore
322 2648 354 2708 in
378 2651 456 2708 urbe
471 2647 717 2708 Mortasteriensi
741 2646 772 2708 iu
788 2647 992 2724 Wastphalia
1014 2664 1071 2723 per·
1095 2647 1289 2708 seditionem
1315 2646 1432 2708 eiectis

193 2752 348 2829 legitimis
372 2751 608 2827 magistratibus
632 2767 745 2812 novum
770 2765 900 2828 regumn
926 2750 1072 2810 horribili
1097 2750 1234 2810 amentia
1258 2756 1357 2826 atque
1381 2767 1432 2810 au-

194 2855 286 2915 dacia
318 2856 563 2923 inchoaverant,
601 2854 655 2928 qui
686 2853 814 2929 quidem
844 2853 998 2913 dederunt
1030 2855 1145 2913 luroris
1180 2869 1311 2931 poenas.
1371 2853 1434 2913 Alii
1534 2899 1535 2916 ,

1534 2921 1535 2942 r

194 2975 270 3018 vero
294 2964 427 3034 negant,
457 2973 492 3016 se
517 2975 599 3017 nova
627 2957 762 3033 imperia
793 2954 899 3015 moliri
929 2973 966 3015 ac
990 2973 1025 3015 se
1048 2955 1272 3034 praesentibus
1293 2964 1433 3032 potesta·
1534 2957 1535 3036 ]

194 3063 279 3122 tibus
304 3061 387 3120 velle
411 3059 556 3122 subditos
581 3075 672 3128 esse,
697 3058 752 3142 sed
777 3058 894 3118 addunt
919 3059 1104 3120 seditiosam
1128 3057 1326 3136 opinionem,
1351 3061 1435 3136 quod
1534 3043 1535 3104 i

194 3185 255 3226 non
281 3165 376 3225 liceat
399 3163 481 3240 ipsis
504 3163 659 3232 militare,
684 3160 811 3223 etiamsi
836 3163 1038 3239 magistratus
1062 3162 1170 3224 iubeat
1195 3179 1252 3224 eos
1276 3182 1363 3224 anna
1386 3183 1434 3224 ca-

194 3285 290 3345 pere,
315 3268 398 3342 quod
423 3268 484 3326 etsi
508 3268 571 3327 iam
594 3265 702 3326 dicunt
726 3265 867 3342 dispersi
890 3269 923 3324 et
948 3267 1112 3341 palanteS,
1147 3274 1251 3326 tamen
1276 3266 1306 3327 si
1326 3269 1433 3327 multi-

194 3372 269 3431 tudo
294 3373 497 3441 conveniret,
521 3369 627 3430 statim
652 3386 702 3429 res
722 3370 906 3430 ostenderet
923 3367 1099 3430 seditiosas
1116 3386 1225 3430 eorum
1245 3372 1434 3431 voluntates.

194 3475 270 3534 Nam
295 3473 476 3549 quicunque
500 3481 571 3534 sunt
595 3473 681 3548 capti
705 3471 816 3548 impiis
846 3473 1064 3549 dogmatibus,
1095 3475 1153 3533 hos
1184 3473 1346 3544 diabolus,
1381 3472 1434 3550 qrri

194 3583 243 3636 est
267 3576 444 3646 homicida,
468 3578 627 3638 etiamad
651 3575 786 3636 iniustas
810 3575 927 3636 caedes
951 3583 982 3634 et
1006 3575 1255 3654 dissipationem
1278 3580 1435 3640 humanae

195 3681 362 3740 societatis
386 3681 531 3756 impellit.
589 3680 653 3742 llos
684 3695 810 3740 errores
839 3679 880 3738 de
910 3681 1005 3738 rebus
1035 3678 1184 3740 civilibus
1208 3681 1303 3741 initio
1325 3686 1434 3740 serunt

195 3782 251 3858 qui
274 3784 369 3844 facile
391 3785 522 3859 capiunt
547 3783 635 3860 vulgi
657 3784 789 3844 animos.
836 3781 916 3854 Quid
941 3781 1025 3841 enim
1049 3783 1253 3858 plausibilius
1277 3790 1325 3843 est
1350 3783 1434 3860 apud

195 3892 330 3962 egentes
355 3903 447 3960 qrram
471 3903 575 3947 rerum
598 3881 802 3946 commuuio?
854 3885 1029 3944 ‘Nonnullos
1054 3869 1297 3960 superstitiosos
1320 3885 1434 3945 invitat

195 3987 252 4048 illa
272 3987 448 4050 artificiosa
472 3990 634 4051 simulatio
659 3987 852 4050 humilitatis
876 3994 909 4048 et
934 3987 1121 4064 patientiae.
1177 3989 1294 4050 Postea
1316 3989 1432 4049 addunt

195 4091 350 4154 infinitam
374 4095 593 4155 contusionem
617 4092 823 4172 opinionum,
854 4108 932 4168 quas
963 4090 1027 4154 sibi
1056 4091 1122 4170 ipsi
1151 4099 1272 4152 temere
1302 4094 1431 4169 lingunt.

194 4196 401 4258 Labefaciunt
425 4205 511 4258 recta
533 4198 683 4276 dogmata
705 4198 746 4258 de
769 4195 955 4266 divinitate,
979 4197 1019 4256 de
1043 4195 1165 4258 naturis
1183 4194 1322 4265 Christi,
1346 4213 1432 4272 pror-

195 4317 249 4359 sus
272 4304 307 4358 ut
329 4300 508 4362 Manichaei
533 4301 679 4365 iactitant
702 4299 955 4361 illuminationes
979 4306 1087 4376 spreto
1110 4301 1208 4359 verbo
1224 4297 1295 4369 Dei,
1319 4299 1432 4360 tollunt

196 4399 307 4462 vitium
332 4401 485 4480 originis,
511 4411 542 4468 et
566 4405 642 4484 quid
666 4406 708 4466 sit
729 4411 896 4482 peccatum
920 4421 980 4464 uon
1006 4410 1092 4463 recte
1116 4404 1248 4472 docent,
1274 4408 1378 4462 errant
1402 4407 1432 4460 et

195 4505 234 4565 de
258 4501 505 4579 iustificatione,
538 4527 630 4586 qrram
653 4507 795 4569 tribuunt
818 4506 988 4586 operibuS,
1021 4513 1052 4565 et
1076 4506 1251 4582 praecipue
1283 4503 1332 4564 illi
1356 4519 1431 4567 suae

195 4605 373 4684 patientiae
403 4617 434 4670 et
464 4612 650 4673 barbaricae
674 4611 760 4672 vitae
791 4611 823 4671 id
856 4618 904 4672 est
934 4628 1037 4672 rerum
1069 4607 1272 4686 politicarum
1297 4615 1429 4670 contern-
