3072 5208
470 361 715 412 surrnnunurn
735 361 818 412 num
839 363 913 414 1544.
1254 345 1317 414 tur

95 518 209 578 clriuam
231 525 370 578 nostram
386 517 605 594 blasphemam
621 518 768 593 appellat.
805 516 1019 576 Publicnm'se
1035 520 1159 580 hostem
1175 529 1316 582 nostrum

93 621 149 680 lore
169 620 253 697 apud
266 621 369 682 Deum
393 627 423 680 et
442 619 589 681 homines
606 618 779 695 promittit,
804 621 887 696 apud
912 621 1015 680 Deum
1038 621 1205 696 precibnS,
1230 624 1313 700 apud

92 722 229 802 homines
252 722 405 784 doctrina.
458 723 521 782 Nec
552 738 627 798 spes
658 729 723 790 est,
753 721 844 782 illum
873 722 1046 798 aliquando
1078 724 1254 784 rediturum
1277 725 1309 786 in

91 825 211 902 gratiam
240 827 425 896 nobiscum,
460 845 531 888 omn
561 843 596 886 se
628 831 842 902 pugnaturum
874 833 981 886 contra
1012 845 1069 887 nos
1093 829 1250 903 spondeat
1273 829 1314 890 ad

90 929 171 988 finem
192 947 298 1006 usque
321 930 417 991 vitae.
474 931 609 1006 Insuper
634 935 667 1018 et
689 927 769 987 illud
794 929 963 1005 appendit:
1001 931 1087 990 Deus
1112 930 1197 990 adsit
1218 931 1313 992 mise-

90 1032 182 1094 randis
204 1033 382 1102 Ecclesiis,
404 1041 438 1093 ut
461 1033 638 1093 liberentur
660 1033 786 1092 tandem
801 1052 819 1092 a
834 1031 925 1093 lalsis
946 1033 1013 1093 illis
1033 1033 1311 1108 praedicatoribus

91 1141 115 1194 ct
135 1137 362 1198 seductoribus.
414 1136 513 1206 Quid,
544 1154 619 1204 oro,
650 1143 758 1197 contra
789 1153 846 1196 nos
879 1151 1020 1210 unquam
1051 1139 1103 1195 vel
1133 1137 1205 1213 ipse
1229 1137 1314 1214 Papa

90 1239 264 1301 horribilius
302 1237 463 1301 intonuit?
523 1240 637 1300 Sumus
669 1237 732 1300 iam
765 1246 796 1298 et
826 1241 965 1300 Luthero
1004 1239 1312 1317 pseudoprophetae

91 1347 116 1400 et
134 1343 334 1404 seductores:
358 1341 448 1420 digni
471 1341 637 1412 nimirum,
662 1341 716 1418 qui
741 1345 911 1403 obruamur
934 1342 1107 1420 lapidibus,
1132 1350 1164 1403 et
1183 1343 1216 1404 in
1232 1362 1312 1419 quos

90 1445 306 1508 animadvertat
330 1446 503 1508 iustissimi
534 1446 691 1522 cuiusque
721 1446 841 1508 iudicis
864 1446 1005 1523 gladius:
1042 1447 1156 1521 quibus
1181 1447 1312 1508 interdi-

90 1556 164 1608 cutnr
186 1550 256 1627 igni
281 1559 313 1610 et
336 1568 428 1625 aqua.
473 1553 579 1626 Atque
601 1549 653 1611 his
677 1550 823 1611 omnibus
848 1551 986 1611 nondum
1010 1551 1204 1628 impotenter
1231 1553 1312 1614 satis

89 1650 174 1712 aninri
202 1653 254 1714 sui
286 1663 412 1715 aestum
441 1662 550 1716 contra
581 1672 638 1715 nos
672 1653 800 1723 effudit,
837 1653 901 1714 nisi
933 1657 991 1714 sub
1020 1656 1115 1714 finem
1146 1652 1313 1716 literarum

89 1753 172 1814 etiam
196 1755 276 1820 illud
301 1758 549 1835 superadderet:
575 1757 688 1817 Rident
712 1759 792 1817 lraec
816 1764 939 1826 nostra,
965 1757 1022 1817 sed
1046 1751 1231 1834 plorabunt,
1255 1759 1310 1817 ubi

89 1853 257 1919 invenerint
281 1859 440 1922 iudicium
464 1859 621 1938 Zuinglii,
646 1877 739 1934 quem
763 1867 947 1934 sequuntur.
982 1861 1069 1920 Deus
1090 1868 1198 1920 servet
1221 1859 1309 1920 inno-

89 1960 216 2021 centium
245 1963 341 2024 corda
370 1967 408 2024 ab
439 1979 549 2024 eorum
578 1979 713 2023 veneno.
767 1963 832 2023 Nou
858 1963 1019 2032 ridemus,
1049 1963 1215 2040 Philippa,
1246 1963 1312 2024 imo

89 2061 166 2123 dolet
188 2065 280 2127 nobis
304 2085 366 2126 non
389 2065 612 2136 mediocriter,
647 2067 751 2128 virum
774 2074 895 2127 tantum
919 2066 981 2129 sibi
1006 2067 1072 2142 ipsi
1097 2073 1242 2144 ereptum
1266 2071 1312 2128 lu-

89 2183 149 2227 rere
171 2169 219 2230 sic
232 2177 342 2230 contra
364 2169 580 2240 immerentes,
604 2179 636 2230 et
660 2177 761 2231 semet
782 2171 888 2247 ipsum
904 2171 1099 2230 dedecorare
1114 2170 1310 2246 turpissime.

90 2271 255 2349 zuinglium
278 2277 393 2335 beatae
416 2275 593 2336 memoriae
617 2275 657 2334 de
682 2274 804 2352 pietate
830 2281 861 2333 et
885 2273 991 2334 literis
1016 2273 1137 2350 optime
1162 2275 1313 2336 meritum

89 2375 121 2434 ud
140 2375 258 2438 inferos
283 2378 440 2439 detrudit:
471 2380 585 2440 eodem
614 2399 672 2440 nos
702 2379 833 2456 colligat
862 2377 1000 2439 indicio:
1032 2396 1166 2454 quorum
1198 2379 1312 2439 ductri-

89 2497 165 2550 uam,
187 2500 248 2541 non
274 2499 390 2555 aonam
413 2484 515 2552 vitae,
536 2479 777 2543 sed'vcnenum
801 2489 832 2541 et
856 2484 1005 2558 poculum
1027 2481 1139 2542 mortis
1163 2486 1313 2542 aeternae

90 2596 152 2642 esse
174 2583 303 2645 indicat.
350 2585 417 2656 Qua
441 2584 505 2646 iam
528 2589 662 2647 obsecro
686 2593 754 2646 arte
778 2603 948 2663 possumus
978 2591 1098 2644 trintum
1122 2583 1225 2644 lenire
1248 2603 1311 2645 ma-

90 2685 157 2756 lum,
182 2695 214 2748 et
236 2691 354 2750 malum
378 2689 507 2764 quidem
525 2689 656 2751 Lutlreri
680 2687 801 2750 iudicio
826 2685 1025 2749 incurabile?
1060 2687 1126 2748 Nec
1146 2695 1205 2757 est,
1229 2690 1313 2762 quod

90 2788 201 2853 dubites
232 2793 272 2852 de
302 2791 417 2854 literis.
468 2795 593 2854 Manum
624 2800 656 2854 ct
685 2793 810 2870 signnm
839 2791 972 2853 Lutheri
1002 2791 1094 2861 novi,
1129 2810 1198 2852 cum
1221 2793 1311 2869 prius

89 2891 173 2953 etiam
195 2894 284 2956 illins
308 2897 491 2972 acceperim
513 2899 633 2958 literas.

159 2997 225 3057 Non
256 2997 417 3062 credimus
446 3008 569 3070 autem,
604 3001 695 3061 illum
725 3001 758 3060 in
788 3001 884 3076 plane
915 3000 1034 3076 impios
1065 3006 1095 3058 et
1124 2999 1311 3060 manifestos

89 3095 174 3159 Verbi
195 3101 256 3160 Dei
280 3103 392 3165 hostes
416 3105 575 3165 atrociora
601 3104 762 3164 effundere
787 3103 942 3180 potuisse.
981 3102 1021 3161 Ut.
1045 3109 1151 3164 autem
1173 3104 1312 3164 maxime

90 3205 304 3276 concedamuS,
336 3225 394 3267 nos
420 3223 527 3268 errare
557 3209 590 3267 in
614 3206 746 3284 negotio
771 3207 1011 3286 Eucharistiae,
1041 3227 1078 3268 au
1110 3207 1155 3268 ita
1186 3223 1311 3268 eramus

89 3304 267 3378 abiiciendi,
303 3309 488 3381 damnandi,
528 3305 759 3371 conculcandi?
816 3311 879 3370 lam
910 3325 984 3370 vero
1016 3329 1085 3370 cum
1117 3326 1251 3385 syncera
1282 3319 1312 3371 et

90 3423 156 3478 pura
183 3413 224 3472 sit
254 3414 287 3472 in
309 3413 467 3474 Ecclesiis
497 3416 615 3475 nostris
645 3414 789 3473 doctrina
824 3413 863 3472 de
894 3412 1095 3490 poenitentia
1119 3419 1150 3472 et
1173 3413 1313 3490 gratuita

89 3513 265 3576 remissione
288 3524 496 3594 peccatorum
517 3517 550 3578 in
573 3517 703 3578 nomine
728 3515 800 3577 lesu
817 3516 953 3589 Christi:
979 3515 1094 3576 cumin
1111 3516 1311 3592 dogmatibus

89 3629 142 3672 uon
170 3617 382 3681 dissideamus
412 3622 464 3680 vel
498 3623 596 3682 latum
625 3620 742 3698 pilum,
781 3620 864 3694 quod
894 3619 1027 3688 dicitur,
1064 3639 1082 3680 a
1112 3619 1311 3696 dogmatibus

89 3721 274 3789 apostolicae
299 3731 331 3784 et
354 3724 537 3800 primitivae
552 3723 735 3784 Ecclesiae:
760 3741 829 3783 cum
844 3730 971 3783 sanctus
988 3729 1020 3782 et
1036 3721 1201 3800 legitimus
1218 3724 1311 3782 nobis

88 3834 155 3878 usus
177 3823 217 3883 sit
239 3823 533 3904 sacramentorum,
563 3827 703 3901 denique
734 3844 804 3887 cum
830 3827 895 3886 vita
925 3833 1047 3895 nostra,
1075 3825 1144 3886 Deo
1168 3827 1310 3897 iuvante,

90 3920 143 3980 imo
165 3936 316 4000 operante
341 3946 400 4007 per
422 3948 499 4000 nos,
524 3931 687 4006 inculpata
711 3932 768 3998 sit,
794 3937 825 3988 et
847 3929 1070 3989 sanctissimae
1093 3930 1185 3988 nobis
1203 3929 1310 3989 Eccle·
1339 3939 1346 3954 ¹

90 4023 149 4083 siae
171 4028 247 4101 sint,
271 4033 373 4093 nostri
396 4031 569 4094 Ministerii
593 4034 693 4094 sancti
718 4039 749 4092 et
773 4031 850 4093 iusti
874 4039 992 4103 testes,
1026 4038 1058 4090 et
1081 4047 1157 4090 vera
1181 4040 1311 4108 aposto-

89 4125 162 4188 latus
183 4133 320 4210 legitimi
344 4139 527 4214 signacula,
559 4157 613 4198 cur
635 4138 685 4197 vir
707 4143 812 4198 tantus
840 4137 938 4196 tantis
963 4135 1139 4195 immeritos
1164 4135 1311 4196 adobruit

91 4233 229 4297 convitiis
252 4245 346 4314 utque
370 4238 598 4301 contumeliis?
651 4241 765 4302 Extant
789 4248 961 4317 praetcrea
984 4238 1059 4298 libri
1084 4239 1200 4308 nostri,
1233 4240 1310 4299 fidei

91 4339 117 4390 θῑ
138 4335 295 4402 doctrinae
320 4351 448 4404 nostrae
473 4343 722 4421 locupletissimi
745 4349 854 4404 testes.
908 4345 1070 4402 Certemus
1102 4348 1211 4401 comta
1238 4341 1311 4419 Epi-

92 4452 338 4511 cu1·eos,contra
363 4447 479 4523 impios
505 4455 535 4507 et
559 4449 751 4516 sceleratos,
783 4454 891 4506 contra
921 4445 1068 4505 infideles
1100 4451 1130 4503 et
1158 4445 1309 4505 antichri-

92 4540 217 4614 stianos,
240 4566 295 4622 pro
320 4549 498 4610 orthodoxa
522 4551 584 4610 fide
610 4555 637 4607 ct
665 4549 838 4627 disciplina
862 4547 1050 4610 Christiana.
1097 4546 1220 4624 Magnis
1240 4565 1311 4608 cum

91 4644 238 4708 laboribus
258 4658 292 4740 et
315 4652 399 4712 curis
424 4653 528 4712 studia
552 4657 582 4713 et
598 4653 836 4729 Rempublicam
853 4668 1046 4730 reparamus.
1081 4649 1172 4710 Multi
1187 4657 1310 4710 nostro-
