3120 5206
530 319 775 372 spontaneum
796 317 877 370 rum
905 321 979 372 raso.
1071 316 1074 321 ·
1356 305 1378 372 ‘l

133 494 226 538 orem
248 479 421 538 amicitiam
446 477 662 552 disrumpere,
687 478 772 552 arrad
795 484 827 537 tu
852 479 939 554 prior
962 479 1046 539 ittam
1072 481 1126 554 qui
1150 486 1222 538 tuus
1242 486 1290 538 est
1306 495 1375 538 can-

131 581 193 639 dor
216 579 414 653 provocasti:
448 580 526 640 mihi
550 580 710 640 inanimo
741 585 790 638 est
821 596 889 640 earn
912 581 995 640 velis
1021 581 1103 641 nolis
1127 597 1232 657 neque
1258 581 1375 641 rescin-

131 683 213 740 dere
235 697 341 756 neque
364 681 527 752 dissuere,
557 690 634 759 puto
658 699 708 741 rne
732 681 763 742 in
794 683 878 742 omni
909 683 975 742 vita
1008 701 1076 743 cum
1106 684 1233 744 nemine
1264 686 1376 757 probo,

132 786 277 846 litterato
297 801 339 844 ne
364 786 457 846 ullarn
482 786 608 861 quidem
633 786 820 846 exercuisse
841 787 1052 857 sirnuttatern,
1084 793 1203 848 tantum
1226 790 1318 848 abest.
1341 794 1376 848 ut

132 890 173 949 ab
196 887 342 948 amicitia
369 890 471 948 semel
501 895 660 949 contracta
689 889 896 948 discesserim
924 905 1070 964 unquam.
1124 888 1224 966 Spero
1249 891 1280 950 in
1303 905 1376 950 mea

131 991 269 1050 civitate
299 989 445 1050 omuibus
468 1007 519 1051 mc
542 991 709 1052 ordinibus
738 990 827 1052 iuxta
857 992 1001 1060 charum,
1033 1007 1126 1051 nemo
1149 993 1305 1068 perfidiae
1328 993 1375 1053 in-

132 1094 264 1154 simulat
286 1100 414 1170 praeter
436 1111 532 1154 unum
554 1109 631 1154 vere
655 1094 827 1154 scelestum
840 1091 881 1177 ¹),
897 1101 943 1153 ‘ut
963 1111 1020 1154 sua
1035 1095 1139 1170 ipsius
1156 1095 1375 1169 descriptione

131 1204 220 1266 utar,
252 1196 372 1273 quippe
395 1198 592 1259 conscientia
615 1177 703 1257 mille
726 1195 874 1281 testes2).
927 1197 989 1256 Sed
1013 1210 1067 1273 per
1089 1195 1239 1268 lliesurn,
1274 1205 1308 1258 ut
1330 1200 1374 1259 in-

132 1300 228 1360 terim
252 1299 393 1375 reliquas
417 1300 528 1360 nenias
552 1301 748 1370 omittamus,
782 1316 863 1375 qrrae
894 1307 1000 1360 vestra
1029 1301 1120 1374 potui
1150 1307 1274 1361 secreta
1303 1319 1374 1376 pro-

130 1403 211 1461 dere
242 1403 292 1462 vel
326 1403 402 1478 quid
431 1404 575 1480 oportuit
596 1403 728 1464 Eckium
759 1404 843 1478 apud
873 1422 930 1463 nos
954 1399 1147 1479 explorare?
1200 1403 1235 1464 Si
1257 1409 1374 1464 tantam

130 1501 214 1568 ruilri
244 1512 351 1566 movet
381 1506 534 1568 invidiam
553 1506 695 1568 listriana
725 1503 922 1582 praesentia,
960 1507 1072 1582 paucis
1103 1507 1223 1582 accipe.
1275 1499 1373 1568 Multo

129 1617 209 1668 ante
233 1626 379 1670 exorsum
408 1610 500 1670 istam
532 1611 628 1674 telam
657 1629 717 1688 pro
740 1611 811 1672 iure
833 1609 964 1672 fraterni
990 1609 1107 1670 amoris
1131 1610 1250 1685 placuit
1273 1611 1373 1672 Eckio

130 1690 253 1771 nostris
284 1709 359 1770 oli'm
390 1711 505 1771 adesse
536 1711 738 1787 hymenaeis:
776 1713 857 1774 torte
888 1713 1015 1770 tortuna
1044 1710 1177 1780 accidit,
1211 1718 1245 1771 ut
1269 1711 1374 1788 pridie

131 1830 233 1876 nonas
257 1812 396 1874 Sextiles
420 1832 439 1874 u
460 1814 589 1891 Lipsica
613 1814 833 1890 disputatione
862 1815 988 1876 rediens
1018 1815 1222 1890 sponsalibus
1240 1799 1374 1890 ‘atroque

131 1917 250 1986 adesse
273 1917 442 1992 potuisset.
480 1917 518 1978 lli
542 1918 684 1994 suspicio
711 1918 905 1978 imminentis
929 1916 1102 1995 legationis
1125 1919 1253 1994 nuptias
1276 1924 1372 1979 uratu-

131 2026 252 2090 rassat,
285 2020 429 2096 protecto
453 2020 751 2098 Wittenhtrrganscs
783 2021 984 2098 gratissimos
1014 2019 1161 2096 hospites
1192 2021 1374 2097 gratissime

132 2127 374 2201 expectassem,
406 2139 485 2199 qrros
510 2125 633 2184 interea
657 2125 763 2184 retulit
794 2119 1002 2183 suavissimus
1032 2121 1197 2184 Udalricus
1227 2124 1267 2184 de
1297 2125 1371 2185 Din-

132 2229 228 2286 sthet.
273 2225 394 2302 Neuter
417 2220 529 2312 ducum
553 2242 624 2286 meo
648 2243 779 2287 accessu
802 2227 1032 2302 locupletatur,
1063 2233 1174 2286 neuter
1204 2243 1274 2287 mea
1297 2228 1371 2287 tiro·

133 2330 221 2392 cirria
243 2331 359 2400 ambit,
383 2330 440 2390 sed
464 2346 524 2390 nec
547 2330 634 2406 cupit
658 2330 795 2404 quidem.
813 2321 821 2330 ’
841 2329 987 2392 Erasmus
1012 2346 1047 2390 se
1072 2328 1228 2407 integrum
1255 2335 1372 2400 servat,

133 2433 202 2492 odit
222 2432 285 2493 ista
305 2433 483 2492 sectionum
506 2431 633 2492 uomina
655 2432 736 2491 sicut
755 2448 832 2491 vere
848 2431 1001 2500 odienda,
1025 2432 1110 2506 quod
1125 2447 1235 2492 omnes
1254 2433 1372 2491 Christi

133 2553 251 2597 sumus,
290 2533 397 2596 Nostri
420 2535 590 2612 optimates
614 2541 646 2594 et
669 2534 769 2596 terme
783 2535 892 2610 plebei
907 2551 1034 2610 quoque
1050 2535 1156 2604 cives,
1181 2535 1257 2600 item
1276 2535 1372 2595 etiarn

131 2639 219 2699 docti
256 2656 365 2699 omnes
395 2638 502 2698 lavent
531 2637 660 2700 domino
691 2637 834 2702 Matutino.
891 2637 1048 2715 Religiosi
1086 2637 1198 2697 ordine
1232 2644 1370 2708 movent,

131 2741 233 2816 aliqui
261 2722 401 2802 libellos
420 2742 574 2818 quosdam
604 2742 818 2810 transmittunt
847 2758 955 2816 parurn
985 2747 1163 2810 merentes,
1196 2757 1266 2800 cum
1289 2739 1370 2799 nihil

130 2843 235 2906 minus
259 2843 302 2906 sit
326 2862 416 2904 suum
440 2844 598 2914 officium,
625 2845 813 2913 scindimur,
844 2845 986 2907 oriuntur
1009 2844 1182 2904 intestinae
1203 2843 1369 2904 factiones.

130 2947 229 3018 Quam
261 2963 322 3024 ego
354 2948 490 3024 optarim
520 2947 669 3009 reducem
701 2947 794 3008 istam
825 2947 941 3008 Christi
972 2947 1127 3008 sinceram
1156 2931 1369 3024 theologiam!

130 3051 262 3112 Adferte
293 3066 422 3126 quoque
452 3058 590 3112 mutuam
622 3049 816 3117 charitatem.
877 3049 978 3110 Horno
1009 3050 1147 3110 omnium
1184 3067 1251 3110 sum
1282 3050 1368 3125 qrrie-

132 3153 293 3214 tissimus:
318 3153 470 3224 dissidia,
494 3154 614 3231 iurgia,
638 3153 824 3222 maledicta,
845 3152 996 3222 iniurius,
1021 3152 1167 3213 scurrilia
1191 3151 1285 3212 video
1302 3151 1369 3227 ple-

131 3255 241 3332 risque
265 3253 451 3331 displicere.
496 3257 532 3316 Ι).
556 3255 722 3317 Martinam
745 3270 873 3330 semper
896 3271 936 3315 cx
960 3254 1066 3316 animo
1091 3253 1208 3322 dilexi,
1238 3253 1370 3314 Euhium

131 3363 163 3416 et
191 3364 335 3422 veterent
365 3364 397 3416 ct
425 3359 508 3418 berre
538 3358 683 3420 meritum
719 3358 853 3418 anticum
890 3357 975 3418 nulla
1004 3373 1100 3418 causa
1133 3373 1195 3415 non
1224 3356 1369 3430 repudio.

130 3460 234 3521 Audio
259 3461 348 3521 varia
372 3462 479 3536 capita
500 3462 604 3522 varias
628 3461 804 3522 sententias
837 3467 868 3520 et
897 3459 928 3520 in
959 3459 1077 3520 nultius
1107 3441 1210 3520 saltim
1234 3475 1304 3518 cunr
1326 3459 1369 3518 al-

132 3563 232 3624 terius
257 3563 375 3628 iniuria
401 3565 500 3630 verba.
519 3565 598 3626 iuro.
633 3564 738 3624 Velim
762 3579 873 3626 ornnes
896 3581 954 3624 nos
977 3580 1071 3624 unum
1095 3577 1169 3622 esse
1191 3559 1223 3620 in
1244 3561 1369 3622 Christo

132 3667 226 3726 etde
251 3664 476 3745 quocunque⁵t
505 3667 601 3728 fratre
622 3667 738 3728 mereri
760 3666 990 3740 pulcherrime:
1014 3666 1088 3728 hinc
1105 3665 1136 3724 in
1153 3661 1371 3740 suspicionem

133 3771 228 3832 venio
253 3768 458 3846 quibusdam,
489 3771 595 3832 tabula
624 3771 666 3832 fio
700 3777 732 3830 et
755 3769 932 3847 tragoediis
963 3768 1052 3830 miris
1075 3767 1229 3827 traducor.
1276 3769 1369 3826 Certe

132 3873 195 3933 nisi
217 3873 385 3948 hircosque
408 3873 627 3950 prohibuisset
650 3889 701 3936 nra
719 3873 837 3950 religio
852 3871 1050 3940 Christiana,
1074 3889 1135 3930 uon
1152 3870 1265 3930 luisset
1282 3887 1368 3945 pror-

132 3993 187 4036 sus
209 3975 343 4036 difficile
366 3976 536 4036 scelestum
560 3975 709 4038 scelestis
730 3983 762 4038 et
783 3975 902 4037 invidis
918 3975 985 4035 suis
1003 3974 1162 4034 coloribus
1178 3971 1218 4032 ad
1231 3987 1369 4048 unguem

132 4079 265 4156 pingere
298 4085 330 4140 et
358 4079 463 4142 omnia
491 4079 572 4140 hacc
600 4078 766 4142 mendacia
794 4078 975 4155 depellere:
1007 4076 1131 4138 confido
1154 4080 1259 4135 tamen
1283 4073 1315 4134 in
1339 4075 1368 4134 rl.
1445 4109 1449 4120 ·

218 4215 249 4280 l)
271 4214 346 4266 Haec
362 4214 448 4268 verba
467 4215 526 4266 sinc
545 4213 629 4264 dubio
647 4220 775 4280 spectant
794 4213 829 4264 ad
847 4211 1024 4264 Wilibaldum
1038 4209 1252 4262 Plrtrheimcrum
1265 4209 1369 4262 Nurim-

132 4300 310 4364 bargeusem,
326 4298 409 4354 conl.
430 4314 463 4352 aa
482 4315 551 4364 quae
569 4297 726 4352 Lachnerus
751 4300 778 4350 in
802 4297 1032 4366 Ephemeridibus
1052 4297 1220 4362 Augustani·
1246 4297 1305 4353 loco
1324 4311 1368 4348 su·

133 4401 182 4452 pra
201 4401 229 4452 p.
243 4386 267 4440 5.
287 4391 353 4436 uota
365 4387 391 4440 2.
410 4387 520 4451 signato
540 4385 574 4436 de
592 4385 777 4436 I'irlrlieimero
797 4390 824 4435 et
842 4382 983 4435 Scheurllo
1003 4383 1124 4450 scripsit.

216 4471 246 4536 2)
273 4469 345 4520 mille
364 4469 477 4538 testea}
499 4471 539 4521 rtto
562 4471 580 4523 l.
598 4471 617 4521 l.
637 4470 751 4536 legitur,
783 4481 875 4522 eorum
899 4469 958 4522 loco
987 4469 1134 4534 legendum
1160 4473 1221 4521 este
1246 4469 1367 4522 videtur:

133 4557 199 4608 milri
216 4558 306 4609 testis.

216 4635 245 4708 3)
270 4642 442 4710 quacunque]
462 4644 503 4696 ulo
522 4638 639 4712 ccrlprt3
663 4643 680 4695 l.
700 4645 718 4694 l.
738 4643 851 4710 legitur:
872 4645 1033 4708 quicunque.
