3120 5206
191 283 232 354 tl
582 270 826 352 surrnnnnurn
850 301 931 352 auru
959 305 1033 354 mar.

192 457 368 534 impleretis
393 474 488 518 nasse
508 454 629 516 diutius
651 456 807 526 detineri,
832 457 1089 534 quandoquidem
1106 460 1192 519 nullo
1208 461 1435 522 nronnelrormn

192 563 275 622 bono
306 568 337 620 el
366 559 502 621 maximo
533 575 604 618 meo
635 561 718 619 analo
749 559 782 619 id
813 562 960 625 iacerem.
1012 561 1108 622 Porro
1133 563 1317 623 carissimus
1340 578 1434 622 meus

192 666 289 726 irater
311 666 351 725 de
374 667 469 724 rebus
492 663 573 723 meis
598 663 741 723 omnibus
758 663 870 740 ‘deque
895 663 955 724 hoe
979 667 1153 741 praecipue
1177 674 1319 728 censete
1334 667 1435 726 saciet

169 769 369 830 -eertiorem
405 769 449 826 l'e
474 781 549 826 vero
573 783 630 842 per
652 765 752 826 Deum
777 768 929 843 optimum
955 769 1121 829 inanimum
1147 778 1178 830 et
1201 783 1258 845 per
1277 769 1435 846 quidquid

193 871 278 932 flecti
301 878 395 948 poles
419 872 576 938 obtestor,
598 877 632 929 ut
655 876 739 930 tuem
764 871 843 930 mihi
867 873 1055 932 sententiam
1081 873 1220 942 indices,
1253 874 1329 949 quid
1352 874 1435 933 mibi

192 975 394 1052 potissimum
415 973 591 1034 laciendum
616 973 798 1043 existimes,
822 975 862 1034 nd
884 991 935 1034 me
949 975 1123 1053 diligenter
1139 977 1327 1052 perscribite.
1363 975 1434 1036 Erit

191 1075 270 1137 mihi
293 1077 461 1138 eonsilium
484 1083 570 1136 tuum
594 1077 713 1136 oraculi
738 1077 827 1154 loeo,
860 1079 979 1156 qnippe
1004 1079 1058 1154 qui
1082 1080 1197 1149 sciam,
1228 1087 1260 1138 te
1283 1080 1435 1156 spiritum

193 1181 310 1242 Christi
341 1182 475 1252 hebere,
513 1195 573 1238 nee
605 1179 776 1256 quidquam
808 1197 906 1258 posse
939 1183 1125 1252 consulere,
1161 1182 1245 1258 quod
1275 1184 1313 1242 eb
1344 1180 1436 1240 illius

193 1274 319 1359 plneitis
343 1283 507 1343 dissident.
552 1282 642 1350 Vale,
667 1283 870 1343 ornatissime
893 1284 1052 1360 Plrilippe.
1099 1286 1191 1345 Plura
1214 1303 1276 1344 non
1300 1302 1437 1360 possum

193 1387 350 1456 scribere,
380 1386 438 1446 sed
460 1400 519 1444 neo
541 1391 573 1443 tn
598 1386 706 1460 legere
738 1385 874 1458 publicis
905 1388 1078 1448 commodis
1109 1388 1296 1448 destinatus.
1349 1387 1435 1457 Quid

193 1491 276 1566 apud
299 1507 356 1549 nos
380 1495 490 1565 egetur·
514 1495 545 1546 et
569 1486 644 1561 quid
661 1489 954 1562 promoveamusin
971 1491 1161 1568 evangelieo
1182 1491 1325 1567 negotio,
1349 1491 1436 1550 'llio-

192 1609 258 1654 mns
280 1597 390 1652 noster
414 1589 596 1666 explicabit.
653 1589 780 1648 Summo
804 1593 885 1666 patri
908 1599 1016 1652 nostro
1040 1589 1207 1663 brithere,
1232 1593 1286 1668 qui
1310 1611 1437 1652 rursum

192 1715 251 1758 nos
274 1696 425 1774 perturit,
449 1694 551 1752 donec
575 1692 732 1752 Christum
756 1695 787 1754 in
812 1695 1060 1765 nobislormet,
1086 1698 1200 1756 abste
1224 1695 1310 1758 uotis
1331 1697 1435 1756 omrai-

194 1803 250 1860 bus
287 1797 500 1860 commendari
538 1796 641 1872 cupio.
700 1795 794 1856 Nolui
827 1795 1025 1874 importunus
1057 1799 1161 1858 videri
1197 1797 1435 1876 interpellator,

193 1900 315 1975 alioqui
340 1900 518 1973 scripturus
547 1913 633 1958 oram
664 1899 732 1959 viro
765 1899 866 1960 modis
899 1901 1044 1961 omnibns
1073 1901 1333 1976 occupatissimo.
1384 1901 1436 1961 Ex

193 2001 376 2064 Constantio
400 2001 479 2062 Vlll.
511 2001 552 2060 ld.
577 2003 656 2079 Aug.
685 2003 773 2064 1522.

641 2108 744 2166 Ambr.
767 2105 915 2176 Blourer,
939 2106 1103 2166 tuissinrus
1127 2107 1166 2167 ab
1190 2107 1303 2167 animo.

193 2299 242 2358 tl.
302 2299 355 2357 No.
372 2299 461 2358 217⁰.
507 2297 620 2374 (vell.
643 2295 773 2380 polit.)
1203 2259 1205 2263 Ι
1277 2298 1340 2384 all.
1353 2302 1434 2374 Sept.

304 2380 467 2409 Μ

602 2454 794 2525 Ambroaio
825 2457 1019 2528 Biaurrrn.

194 2622 198 2630 ·
243 2595 245 2604 '
261 2593 335 2642 liene
354 2593 460 2655 quoqne
480 2558 625 2656 epistolant
640 2585 678 2637 ot.
692 2587 723 2636 V.
736 2587 869 2638 libertina
884 2589 1000 2654 primurn
1015 2588 1102 2639 edidit
1116 2601 1174 2638 cnm
1189 2589 1277 2640 tribus
1293 2595 1433 2641 annotatt.

294 2678 312 2727 l.
328 2676 344 2728 l.
364 2693 392 2744 p.
409 2675 460 2728 286
472 2691 512 2740 sq.
531 2690 571 2724 nr.
587 2673 621 2722 ΙΙ.

389 2794 584 2856 Melantbon
607 2791 656 2855 A.
679 2791 868 2866 Blaarero,
891 2793 1135 2858 Cemtmttteeai
1156 2803 1231 2858 ee'vl.

278 2919 467 2980 incredibile
484 2925 542 2986 est,
559 2935 649 2992 quom
667 2917 761 3004 avide
779 2916 1069 2978 desideraverimus
1086 2919 1210 2998 integro
1227 2935 1329 2995 qtaene
1346 2936 1433 2980 nrrno

192 3038 261 3086 eum
283 3024 379 3084 frater
403 3030 466 3082 tum
491 3032 551 3097 ego
575 3019 686 3081 literas
710 3025 797 3090 liras,
827 3022 870 3080 mi
893 3005 1058 3092 Ambrosi,
1083 3041 1145 3098 quo
1169 3019 1283 3083 saelum
1307 3029 1374 3091 est,
1397 3029 1435 3080 ul.

191 3129 354 3204 aliquanto
377 3126 535 3203 gratiores
559 3124 693 3194 luerint,
717 3143 795 3200 ques
820 3109 921 3200 nuper
944 3127 1142 3203 accepimus,
1177 3141 1353 3202 quanquam
1376 3143 1436 3184 no-

192 3233 246 3293 lim
281 3231 415 3308 posthec
446 3229 557 3290 eedem
593 3234 660 3288 erte
697 3229 830 3306 glutiam
861 3227 964 3292 literis
1003 3227 1185 3308 emptnrire.
1247 3229 1365 3290 Scribis
1399 3234 1434 3286 te

190 3334 428 3415 ψευδαδέλφους
443 3331 639 3400 deseruisse,
663 3317 838 3405 quodquie
853 3328 917 3406 piis
932 3332 1107 3392 rationibus
1123 3331 1288 3391 adductum
1304 3329 1430 3406 opinor,

191 3433 375 3514 improbare¹
399 3451 462 3495 non
492 3429 651 3510 debeo'¹).'
691 3433 778 3492 Nune
810 3431 964 3508 reliquum
997 3435 1062 3504 est,
1103 3439 1135 3494 nt
1167 3429 1198 3492 dt
1223 3428 1434 3494 constantiam

191 3542 223 3604 iu
248 3553 286 3601 eo
311 3534 493 3608 confirmes,
519 3535 604 3613 quod
626 3541 699 3596 ante
722 3537 880 3612 probasti,
904 3537 982 3598 libet
1003 3537 1086 3597 enim
1106 3535 1234 3612 paulino
1251 3537 1348 3596 verbo
1365 3535 1432 3595 uti:

191 3650 222 3703 et
236 3643 381 3719 perdura
403 3641 436 3700 in
460 3640 620 3700 sententio
648 3653 708 3698 neo
731 3640 913 3714 permoveri
935 3647 968 3700 te
991 3639 1131 3720 patiare,
1163 3641 1199 3699 nt
1226 3640 1266 3698 od
1290 3637 1432 3714 pullatos

190 3747 271 3806 istos
294 3744 416 3804 redeas.
468 3744 553 3801 Cave
576 3747 686 3816 putes,
718 3742 889 3801 relaturum
911 3750 945 3801 te
968 3741 1081 3818 pedem
1113 3743 1191 3802 eitra
1220 3743 1368 3818 probrum
1396 3749 1433 3799 et

191 3843 350 3926 publioom
379 3845 543 3922 evangelii
574 3844 812 3920 blasphemiam.
872 3846 1164 3922 interpretabuntur
1193 3847 1278 3905 enim
1316 3847 1431 3905 hostes

190 3953 325 4020 Christi,
354 3956 499 4010 ooaotmn
527 3948 725 4008 conscientia
753 3947 902 4011 damnato
932 3951 1089 4011 libertatis
1113 3949 1284 4024 evangelio
1318 3947 1430 4024 poeni-

189 4062 259 4114 tere
280 4051 363 4113 laeti.
410 4051 537 4110 interim
562 4057 595 4110 te
618 4065 713 4127 rogo,
743 4052 807 4112 nisi
831 4053 907 4127 qnid
937 4053 1021 4113 aliud
1053 4053 1194 4112 rationes
1222 4057 1296 4110 lirae
1321 4057 1429 4126 postn-

189 4158 270 4226 lent,
291 4161 423 4214 vestem-
439 4159 623 4224 mammes,
652 4160 686 4213 ut
709 4155 768 4214 hae
790 4161 881 4230 parte
906 4152 1430 4230 stultitiae·vulgialiquolrtispen

275 4359 312 4426 ἢ·
328 4357 403 4427 &aaa
423 4353 514 4413 mittat
540 4355 626 4426 [651th
651 4357 718 4410 litt.
738 4355 866 4426 fluiiul
888 4363 938 4413 aab
961 4355 1086 4428 &tribum
1109 4362 1153 4411 20.
1174 4355 1341 4423 &nlenten
1367 4373 1429 4408 con-

189 4447 305 4499 diliotrie
321 4456 383 4498 tuae
403 4447 516 4497 mutatio
537 4447 607 4496 aetia
626 4447 780 4497 contristat.
801 4471 836 4483 -
859 4446 931 4496 llaec
951 4446 975 4496 si
994 4451 1022 4495 tu
1041 4445 1174 4509 fecisses,
1200 4447 1227 4495 iu
1251 4443 1428 4506 monasterio,

190 4535 261 4598 quod
291 4549 373 4584 unum
401 4533 468 4595 tibi,
504 4547 664 4595 quocunqne
693 4534 805 4597 tendas,
837 4543 933 4582 semma
965 4537 991 4581 et
1019 4533 1164 4595 tranquilla
1193 4533 1278 4582 elatio
1303 4537 1361 4594 est,
1385 4545 1428 4579 rr·

189 4635 349 4670 mansisses.
