3084 5208
468 345 816 400 cunctanticunctanti
843 347 918 400 reat.

100 503 157 564 lte.
190 507 242 562 No.
257 501 368 566 12925.
413 505 491 584 (Vol.
505 507 544 562 11.
567 527 595 580 p.
611 501 699 590 895.)
719 533 723 542 ¹

192 589 346 620 Μ

549 665 663 734 Mart.
692 665 848 736 Bucero.

154 773 339 862 apographon!
365 797 449 850 lmine
477 794 626 863 epistolae,
655 805 736 856 quam
761 791 955 854 Molaucbtbon
981 793 1017 846 ld.
1044 795 1147 848 Buoero
1178 796 1206 846 in
1236 808 1318 846 cauea

184 883 332 934 vocationis
357 883 459 947 aliquot
482 880 629 932 Doctorum
655 879 682 927 in
708 877 823 928 Galliam
854 880 886 930 nd
913 881 988 948 pium
1020 881 1053 930 de
1079 880 1213 944 religione
1238 879 1318 935 eollo-

186 970 274 1032 quium
300 969 427 1036 ocripeit,
454 983 485 1016 ex
511 965 671 1016 Simleriana
699 963 858 1015 collectione
885 966 1017 1028 'ligurina
1041 965 1081 1030 (S.
1101 963 1167 1017 Mac.
1187 965 1245 1032 ab.)
1270 983 1320 1033 per

180 1053 212 1107 V.
231 1053 270 1104 et.
294 1054 473 1118 Voegelinum
498 1053 602 1119 accepi.
1164 1052 1168 1061 “

94 1171 277 1234 Doctr'ssr'mo
304 1154 387 1260 Viro
408 1169 453 1234 D.
478 1171 526 1236 M.
545 1171 679 1233 Bucaro
701 1172 835 1233 dooerrtr‘
848 1165 1074 1260 Errongelr‘um
1090 1171 1319 1252 Arg-catinae,

598 1281 705 1338 amico
728 1297 796 1337 sno.

166 1395 253 1456 SD.
289 1396 457 1456 Assentior
480 1394 568 1466 Tibi,
593 1395 633 1454 mi
657 1397 797 1463 Bucere,
828 1395 1057 1470 desperandam
1082 1413 1156 1458 esse
1182 1400 1317 1460 Concor-

93 1500 163 1558 diam
190 1516 257 1558 cum
288 1497 441 1558 Pontifice
472 1499 642 1571 Rourarro„
680 1499 746 1576 Ego
778 1505 900 1568 tamen,
940 1506 973 1560 nt
1006 1489 1319 1564 istis'bouis'Viris

94 1618 198 1664 morem
227 1617 391 1680 gererem,
430 1602 484 1676 qui
513 1601 568 1677 pio
601 1601 706 1662 studio
736 1618 801 1662 rem
832 1608 947 1664 tantam
979 1584 1319 1682 moliuntursscripsi

93 1705 217 1780 aliquid,
242 1705 325 1781 qrrod
351 1704 517 1766 exhibebit
541 1705 612 1764 'libi
643 1705 812 1782 legendum
844 1712 952 1766 noster
975 1704 1099 1766 Ulrions
1112 1705 1147 1788 ¹).
1191 1707 1226 1768 Si
1248 1711 1319 1784 plus

93 1809 212 1884 largitus
245 1795 377 1868 videbor
405 1807 616 1876 adversariis,
652 1809 810 1884 cogitabis
845 1824 894 1866 me
925 1809 1080 1884 quaedam
1110 1811 1252 1882 voluisse
1280 1813 1320 1872 ad

93 1907 212 1970 allectus
243 1911 333 1969 illius
362 1910 469 1986 gentis
499 1911 753 1978 accommodare,
790 1928 852 1970 non
889 1917 951 1970 tarn
989 1912 1044 1986 qui
1073 1927 1199 1988 sperem
1228 1915 1320 1977 nobis

95 2013 198 2088 placari
222 2029 322 2088 posse
345 2009 401 2075 τὸν
423 2003 574 2096 ἀρχιερέα
596 2014 654 2075 τὸν
683 2005 845 2096 (impetor,
880 2031 972 2088 cumn
1002 2023 1036 2074 ut
1068 2014 1122 2076 isti
1151 2015 1227 2076 boni
1258 1995 1320 2078 viri

95 2117 317 2194 intelligerent,
342 2116 456 2192 qrribus
480 2117 519 2175 de
542 2119 637 2179 rebus
654 2118 849 2194 praecipuae
866 2119 928 2178 siut
945 2118 1190 2180 controversiae.
1228 2122 1320 2180 Certe

94 2223 156 2300 περὶ
183 2216 385 2298 δικαιοσύνης
413 2219 560 2297 mitigavi
591 2221 743 2293 libenter,
781 2229 813 2282 et
844 2237 939 2296 spero
974 2237 1041 2282 eam
1070 2222 1321 2284 moderationem

95 2323 185 2382 doctis
215 2324 402 2397 placituram
433 2340 516 2384 esse.
570 2323 710 2386 Iudicavi
741 2324 894 2399 quaedam
927 2325 1160 2411 quasiproeul.
1206 2324 1269 2384 Sed
1292 2327 1321 2386 si

95 2427 251 2502 aliquando
277 2429 522 2497 conveniemus,
555 2428 773 2502 colloquemur
796 2427 836 2488 de
855 2426 999 2488 omnibus
1017 2428 1161 2491 articulis
1177 2429 1320 2506 copiose.

95 2529 172 2598 Quod
195 2529 309 2592 scribis
333 2531 537 2592 annitendum
561 2532 654 2590 nobis
678 2547 770 2602 esse,
802 2537 835 2591 nt
859 2529 940 2590 inter
970 2547 1028 2590 nos
1056 2531 1111 2591 fiat
1140 2533 1320 2602 concordia,

95 2633 146 2692 lmc
167 2634 310 2710 prolecto
335 2651 413 2710 ago,
444 2641 476 2693 et
501 2651 600 2710 nuper
623 2651 662 2694 aa
685 2634 725 2693 de
749 2650 782 2694 re
814 2652 882 2694 curn
913 2639 1022 2694 nostro
1046 2633 1193 2710 Principe
1223 2637 1318 2696 eollo·

96 2737 149 2796 cuti
171 2755 286 2798 sumus.
340 2736 402 2796 Sed
436 2744 591 2814 expecto,
624 2737 854 2814 Landgravium
873 2737 975 2797 'brevi
1004 2737 1043 2797 ad
1065 2756 1123 2799 nos
1148 2746 1320 2798 venturum.

95 2839 176 2900 litut
199 2859 262 2900 non
286 2841 428 2910 venerit,
460 2842 595 2901 scribam
625 2840 657 2901 ei
687 2855 775 2900 meas
799 2839 949 2914 quasdam
979 2841 1211 2918 cogitationen,
1243 2857 1322 2917 quus

96 2948 186 3002 tecum
210 2943 382 3018 aliquando
407 2945 653 3006 communicabo.
705 2942 849 3003 Profecto
882 2942 966 3002 enim
996 2943 1077 3002 nihil
1101 2943 1202 3022 magis
1226 2945 1322 3020 eripio

96 3060 185 3104 rerum
211 3047 366 3115 omnium,
389 3063 480 3120 quam
503 3054 538 3106 ut
561 3047 640 3106 illud
663 3047 776 3122 ingens
801 3046 982 3106 scandalum
1004 3046 1219 3109 dissensionis
1239 3048 1321 3107 inter
1371 3085 1376 3097 ι

96 3165 145 3206 nos
174 3149 345 3225 aliqnando
376 3150 552 3222 auferatur,
585 3150 667 3224 qrvod
700 3156 848 3224 otrentum
880 3149 1034 3226 impediat
1056 3149 1224 3226 Evangelii
1255 3167 1321 3210 cur-

97 3267 171 3320 sum,
206 3270 267 3312 non
306 3253 444 3328 ignoras.
504 3251 604 3312 Vides
636 3269 686 3311 me
718 3245 755 3314 οὗ
782 3249 949 3334 μάχεσθαι
979 3245 1061 3331 ὑμῖν.
1122 3251 1185 3312 Sed
1216 3268 1322 3330 spero,

97 3358 209 3414 ceteros
234 3353 330 3414 etiam
354 3355 475 3415 tuturos
499 3355 652 3416 mitiores.
695 3356 837 3416 Clrristus
862 3355 1014 3431 respiciat
1037 3354 1211 3414 Ecclesiam
1235 3373 1323 3416 suam

98 3462 124 3512 ot
150 3457 294 3518 restituat
325 3464 464 3518 sanctam
496 3465 527 3516 et
559 3458 642 3533 piam
674 3460 766 3519 nobis
798 3459 1006 3520 concordiam.
1059 3457 1180 3534 Scripsi
1210 3459 1250 3520 ad
1279 3461 1322 3518 Te

97 3560 218 3634 copiose
243 3559 396 3636 proximis
421 3561 583 3622 Nundinis.
626 3562 686 3622 Eas
710 3563 832 3625 literas
857 3581 894 3624 an
918 3561 1084 3636 acceperis
1108 3561 1230 3638 ignoro.
1265 3562 1322 3620 lte-

98 3663 189 3722 scribe
212 3679 332 3738 quaeso
357 3664 511 3740 proximis
536 3663 700 3724 Nundinis.
748 3666 834 3725 Bene
857 3682 893 3724 ao
916 3664 1055 3724 feliciter
1079 3665 1158 3722 vale.

175 3766 234 3825 Cal.
266 3769 401 3843 Augusti
433 3765 555 3851 (lidi).
614 3770 722 3828 Saluta
758 3769 839 3830 meis
870 3769 977 3828 verbis
1015 3765 1180 3826 Pedrotum
1212 3784 1229 3824 a
1260 3784 1322 3840 quo

100 3875 224 3942 expromo
249 3856 369 3931 literas.

916 4034 918 4038 ,
1025 3973 1210 4042 Φίλιππος.ἱ
1265 3983 1267 3986 “

603 4061 807 4072 ι-ικ--η--ψ

102 4141 161 4200 131.
192 4146 246 4242 no.
263 4143 371 4206 tanne.
418 4142 549 4228 (vorin
571 4167 599 4224 p.
616 4144 703 4229 ane.)
883 4175 885 4179 ·
1191 4144 1218 4200 ³·
1243 4145 1315 4218 Aue·

319 4301 506 4374 Lollianus
541 4303 591 4372 od
616 4305 874 4398 Auyrtstauum
900 4304 1092 4370 Senotmn.

161 4433 240 4488 lluius
265 4437 400 4504 epistolae
427 4435 633 4503 autographon,
662 4437 733 4499 quod
759 4433 786 4485 ln
806 4431 953 4484 'tabulario
974 4433 1133 4498 bagaitano
1160 4442 1325 4497 asservatur,

193 4523 307 4588 primum
328 4524 401 4590 typis
420 4523 589 4588 descriptum
609 4527 651 4574 est
670 4522 697 4570 in
717 4520 824 4584 nquius
844 4519 967 4570 allairac
985 4517 1068 4569 libro:
1088 4515 1211 4586 sstnbtfter
1223 4515 1325 4585 &utres

187 4660 211 4723 l)
235 4659 303 4711 Nota
322 4659 442 4710 Simleri:
470 4659 589 4710 Clreliue.

135 4749 224 4800 Supplem.
244 4753 361 4792 attinetur.
1125 4747 1141 4804 Ί
