3084 5208
211 321 256 393 li
473 404 476 424 Ι
608 341 853 394 surcoeuuurn
878 342 958 394 num
981 344 1057 398 iseo.

215 497 284 558 128.
318 495 499 610 Q.
544 498 622 578 (Vol.
637 499 676 556 ΙΙ.
698 519 725 575 p.
742 497 827 578 889.)
1069 588 1071 592 .
1167 498 1334 584 (larameri.
1356 503 1431 586 Jui.)

207 693 368 762 Ioannes
393 691 606 764 fridericus
639 692 730 760 Due
757 692 950 762 Saeuitiae
976 695 1124 766 Elector
1150 693 1202 766 ed
1231 690 1452 781 Ltllhemm,

234 814 385 900 Ionum,
407 788 715 908 Buyeuicyiem,
749 809 1084 885 Melaneitionem
1111 825 1149 885 et
1176 817 1427 910 strcciyemm.

280 943 351 995 llaec
376 943 493 1011 epistola
524 945 583 996 siue
612 943 691 1007 dcto,
717 955 786 1007 quae
812 958 827 993 a
850 943 1089 1001 northmanni.
1115 961 1142 1014 p.
1160 949 1210 1002 233
1227 963 1269 1013 eq.
1295 947 1452 1007 exhibetur,

314 1027 437 1080 ciusdem
457 1027 558 1080 iudicio
578 1029 682 1096 scalpta
703 1035 745 1080 cat
764 1044 795 1080 eo
814 1035 954 1105 tempore,
973 1045 1027 1095 quo
1045 1032 1321 1098 pastiaWiteherffae
1338 1045 1452 1096 gessaa-

311 1113 403 1180 batur,
422 1114 470 1168 aed
491 1114 638 1166 Academia
656 1114 775 1168 noudum
789 1114 854 1166 inde
865 1114 958 1178 leuem
972 1123 1127 1172 secesserat
1138 1117 1287 1173 secuudum
1299 1117 1451 1180 decretum,

312 1200 382 1266 quod
408 1200 435 1251 d.
455 1199 495 1254 18.
514 1199 565 1252 iul.
585 1216 600 1252 a
618 1201 734 1252 Rectore
754 1200 918 1252 Academiae
938 1200 1160 1270 witeburgensis
1184 1203 1319 1259 studiosis
1344 1201 1452 1252 indica·

311 1287 406 1350 betur,
423 1287 478 1338 vid.
499 1285 579 1353 Gorp.
599 1286 659 1339 Rei.
678 1286 741 1338 Vol.
754 1286 787 1334 ll.
807 1301 835 1353 p.
851 1288 911 1340 890.

727 1425 931 1436 ...---——

210 1545 278 1607 lta.
312 1549 366 1642 .N⁰'
382 1543 493 1608 1287!
542 1543 619 1628 (Vol.
631 1548 670 1603 11.
692 1566 720 1620 p.
735 1543 823 1627 891.)

327 1633 467 1658 M
1317 1634 1454 1662 Μ,

533 1715 859 1790 venciocotorllme
886 1721 1128 1815 Auyuctonis.

273 1851 347 1902 ilaec
371 1850 490 1920 epistola
517 1866 533 1900 a
556 1848 767 1901 Melanchthoue
791 1850 876 1902 latiae
901 1852 1007 1920 scripta
1034 1853 1086 1904 hac
1109 1853 1205 1918 lingua
1229 1853 1344 1921 primum
1373 1852 1450 1904 edita

308 1943 351 1990 eat
369 1952 385 1988 a
401 1937 466 1990 Viro
484 1936 551 1988 Rea.
571 1933 668 1988 carolo
695 1933 820 2008 Schmidt
844 1937 872 1990 in
897 1935 1027 1988 Niedacci
1051 1937 1283 2005 Ephemcridibus
1305 1933 1450 2005 ficliimrift

304 2019 347 2084 iiia
370 2022 407 2077 iic
430 2017 565 2089 tinctitiis
583 2019 718 2088 theologie
738 2023 801 2072 anni
823 2022 900 2078 1846.
925 2022 1002 2076 Face.
1016 2023 1064 2076 ΙΙΙ.
1090 2025 1289 2094 mitti-442.
1313 2039 1355 2074 or.
1371 2021 1447 2074 xvi.

308 2109 455 2177 inscripto:
487 2105 611 2176 mitigabit
630 2105 788 2176 ungtbtudit
806 2104 894 2172 ffltieit
913 2103 1124 2176 Walanmiioni‘
1146 2111 1244 2180 asel.
1265 2110 1346 2177 epist.
1356 2109 1382 2160 2.
1418 2109 1447 2161 Iu

309 2195 389 2262 Oorp.
407 2193 467 2244 eet.
488 2193 548 2245 Vol.
562 2193 596 2242 ll.
614 2192 719 2264 aussi.
739 2194 894 2258 germanice
915 2209 993 2246 versa
1013 2194 1128 2260 legitur,
1158 2197 1259 2264 quippe
1284 2193 1356 2260 quod
1379 2193 1448 2246 Viro

231 2333 232 2338 ,
295 2279 370 2331 ileu.
390 2277 620 2330 Brctschueidero
641 2293 693 2330 non
712 2278 862 2346 'contigerii
880 2285 985 2330 textum
1005 2279 1119 2332 latinum
1139 2279 1271 2336 nancisci.
1341 2285 1345 2292 ’

161 2435 178 2462 ο
278 2399 446 2463 Ministric
467 2397 639 2462 Ecclesiae
661 2395 893 2478 Augustam
913 2395 1092 2482 Philc'ppus
1115 2395 1365 2464 Meiaoeitlon.

288 2521 428 2584 Salutem
466 2518 643 2596 plurimam.
702 2518 881 2579 llcverendi
918 2517 1168 2589 etdoctissimi
1204 2520 1284 2592 viri,
1329 2521 1447 2586 literae

203 2632 329 2686 vestrae
354 2643 415 2685 non
440 2624 542 2684 solum
565 2619 715 2700 pietatis,
749 2622 805 2681 sed
838 2621 933 2684 etiam
964 2622 1155 2686 eruditionis
1188 2632 1278 2685 notus
1310 2623 1446 2686 minime

203 2729 352 2789 obscuras
376 2727 561 2787 habueruut.
608 2724 710 2796 Quiane
733 2723 814 2786 milri
837 2733 1002 2801 utramque
1026 2729 1065 2787 ob
1091 2727 1218 2789 causum
1237 2725 1446 2806 gratissimae

201 2830 344 2900 fuerunt,
380 2847 418 2890 ee
447 2836 562 2889 testem
593 2826 688 2891 huius
725 2827 789 2887 mei
825 2827 941 2890 iudicii
971 2847 1007 2891 ac
1038 2829 1213 2890 voluntatis
1243 2830 1372 2890 habetis
1404 2831 1442 2892 D.

202 2932 363 2994 doctorem
401 2925 591 2992 Gereouem.
649 2929 798 2991 Doctoris
839 2927 969 2994 Urbana·
999 2931 1163 3010 negotium
1196 2932 1268 3010 ipse
1304 2939 1443 3012 exponet

202 3035 309 3108 vobis3
339 3029 490 3094 Luthero
514 3031 680 3094 excusavit
712 3050 748 3094 se
772 3033 923 3113 princeps
947 3031 1053 3095 literis
1077 3033 1206 3113 propria
1230 3053 1324 3097 manu
1349 3052 1442 3096 accu-

200 3147 270 3200 rate
294 3137 432 3212 scriptis.
479 3138 581 3198 Meum
605 3135 744 3198 animum
768 3144 800 3196 et
823 3135 978 3198 iudicium
1002 3138 1041 3198 de
1066 3137 1237 3198 concordia
1263 3146 1443 3200 nostrarum

199 3242 415 3304 ecclesiarum
438 3255 534 3318 spero
558 3248 760 3318 perspectum
786 3256 858 3300 esse
882 3240 975 3301 bonis
999 3237 1095 3311 viris,
1127 3257 1185 3302 rico
1208 3242 1351 3315 prolecto
1378 3258 1443 3302 mo·
1540 3283 1541 3328 3

202 3361 279 3408 veor
309 3343 531 3424 imperitorum
567 3343 743 3405 animorum
781 3342 903 3419 iniquis
940 3343 980 3404 de
1017 3361 1066 3404 ure
1104 3343 1244 3405 iudiciis
1301 3343 1336 3404 Si
1367 3345 1443 3419 quio
1540 3383 1541 3432 l

200 3464 369 3524 possemus
392 3454 426 3506 ut
449 3448 605 3516 uelimus,
630 3454 661 3505 et
684 3461 779 3522 spero
796 3446 916 3506 aditum
939 3447 977 3506 ad
995 3445 1197 3508 concordiam
1214 3447 1332 3508 lactum
1351 3461 1442 3520 esse,

202 3552 344 3614 Christus
368 3553 525 3627 gubernet
548 3557 579 3608 et
603 3551 757 3626 provehat
781 3551 934 3610 horrorum
958 3549 1104 3610 consilia.
1138 3551 1203 3610 Vos
1228 3565 1356 3626 «uisoque
1375 3567 1443 3614 oro.

199 3661 235 3713 ut
257 3653 453 3715 infirmorum
475 3651 727 3714 moderationem
750 3652 924 3722 tueamini,
955 3668 1036 3728 quiae
1065 3650 1145 3714 mihi
1176 3669 1303 3730 quoque
1329 3654 1442 3728 proba-

201 3764 267 3828 tur,
298 3764 331 3816 et
353 3763 388 3818 ut
411 3772 505 3834 spero
531 3753 695 3832 profutura
727 3762 776 3815 est
797 3755 964 3816 Ecclesiae
995 3753 1123 3818 Christi.
1177 3756 1291 3816 Nescio
1316 3774 1354 3815 an
1380 3755 1443 3817 hoc

201 3877 328 3937 quoque
358 3860 400 3922 sit
431 3855 547 3922 lactum
576 3857 708 3921 ultimae
741 3861 837 3920 huius
867 3858 985 3920 aetatis
1016 3859 1189 3932 Ecclesiis,
1227 3861 1311 3936 quod
1344 3875 1443 3922 verae

200 3960 472 4040 significationes,
501 3960 725 4046 ,dilectiones
769 3969 800 4021 et
834 3961 1041 4022 necessariae
1075 3961 1230 4022 Ecclesiis
1265 3960 1349 4020 inter
1383 3979 1442 4021 nos
1539 4021 1540 4026 ,

199 4066 280 4126 adeo
304 4063 528 4144 negliguntur3
562 4066 724 4126 doctorum
749 4083 941 4144 congressus
966 4067 1052 4126 veluit
1082 4063 1189 4125 studio
1213 4050 1441 4142 impediuntur,
1539 4085 1540 4144 }

200 4168 257 4228 sed
287 4171 507 4244 colloquemur
536 4185 593 4245 per
624 4169 751 4239 literas,
785 4169 813 4230 si
844 4167 939 4232 aliter
970 4188 1032 4229 uon
1057 4166 1141 4228 licet.
1193 4167 1259 4245 Ego
1278 4151 1323 4227 'de
1347 4165 1441 4228 vobis
1539 4167 1540 4244 j

199 4276 341 4331 amanter
365 4270 486 4344 sentio,
520 4288 640 4348 vosque
665 4289 704 4332 ex
729 4272 835 4333 ummo
866 4291 945 4344 aino.
1003 4271 1089 4330 Beue
1113 4270 1224 4329 valete.
1278 4269 1325 4329 21.
1351 4268 1440 4339 iulii,
1539 4263 1540 4292 ³

200 4391 281 4434 auno
309 4374 398 4436 1535.

929 4460 1095 4536 Philippus
1118 4459 1311 4520 Melanthon.
