3102 5202
670 273 851 354 neronum.
1107 347 1112 354 .
1293 252 1357 329 sta

109 438 343 502 meam-quarn
365 431 458 490 tuom.
486 429 570 506 -Ego
594 436 690 502 carte,
723 428 769 490 ita
792 443 855 508 vma
892 429 975 490 deus
996 435 1096 500 amet,
1134 431 1201 490 toto
1226 433 1357 509 pectore

108 527 239 592 vellem
261 527 320 593 tibi
344 530 469 602 cedere,
492 550 555 594 nou
578 531 638 594 hac
659 531 894 606 tanurmdomo,
917 531 975 592 sed
997 529 1208 610 qualicunque
1229 546 1357 610 posses·

107 626 222 696 sione.
254 631 483 711 Nuuccogita,
506 651 567 710 quc
585 637 656 698 loco
679 637 744 706 sint
765 651 818 696 res
837 649 941 705 meac,
965 633 1199 710 quidluturum
1221 635 1272 696 sil.
1293 634 1355 710 Do-

105 731 223 793 minus
240 733 387 803 ,coniecit
410 753 459 806 rna
476 737 519 802 in
543 739 750 804 calamitatem
770 738 829 810 uin¹
853 735 1069 814 imbecillitati
1091 724 1184 816 ureae
1205 735 1354 818 tolerabi-¹

106 834 186 895 lem.
235 837 301 909 Quo
324 855 399 899 uero
423 855 474 900 me
496 837 637 902 vertam?
676 838 827 900 Dominus
852 845 914 914 ost;
938 841 1044 911 faciat,
1069 839 1263 915 quodlibet.
1287 840 1353 919 Ego

105 937 198 1005 haec
231 957 294 1001 nou
323 941 413 1018 potui
446 943 518 1019 ipse
538 960 614 1019 prae
637 941 869 1004 dolore'anirni
899 941 958 1003 tibi
981 941 1099 1004 dicere.
1142 919 1355 1022 Heriuiegna
1411 975 1413 978 ·

107 1057 242 1104 mecum
266 1046 470 1106 contentione
481 1053 544 1108 'res
568 1064 627 1124 per
650 1063 740 1107 meos
763 1047 838 1106 illos
862 1053 933 1108 acta
956 1052 1015 1106 est.
1061 1045 1138 1106 Vale
1160 1051 1267 1108 irater.

924 1183 1100 1260 Philippus.

634 1371 839 1382 ———-—--

109 1537 187 1597 521.
206 1539 277 1612 ,Nm
294 1536 386 1603 313⁵.
431 1535 508 1623 (vol.
523 1543 547 1600 Ι.
569 1563 598 1616 p.
615 1541 698 1617 llll.)
1131 1534 1351 1622 (enno1524'i)

226 1619 397 1651 Μ
1148 1625 1344 1652 Μ

666 1763 810 1838 Eidem.

88 1904 91 1920 '
204 1910 272 1962 Vide
289 1911 483 1996 prolegomene
501 1914 691 1980 praecedentis
711 1913 852 1981 epistolae.

618 2080 688 2164 Suo
709 2085 844 2164 Iclcbc'o.
868 2075 885 2084 ..

198 2239 375 2300 Bernardus
397 2239 530 2302 Helvius
554 2241 654 2311 adest,
685 2241 760 2301 huic
783 2255 897 2301 aureos
920 2239 954 2300 X.
979 2241 1128 2317 promisi,
1163 2257 1222 2301 nec
1245 2241 1348 2301 habco

106 2359 193 2404 nunc
215 2343 299 2404 unda
321 2351 486 2419 praestem.
534 2345 607 2404 Nam
632 2359 711 2420 quos
736 2347 766 2404 ei
792 2341 1007 2423 destinaram,¹
1029 2342 1093 2404 iam
1116 2344 1199 2404 alius
1223 2342 1349 2418 quidam

105 2454 316 2525 praevertens
340 2447 469 2525 accepit.
520 2449 565 2508 Ta
589 2462 720 2522 quaeso,
751 2447 779 2506 si
802 2451 906 2522 potes,
929 2443 1035 2506 mittas
1059 2445 1136 2506 milri
1166 2447 1194 2505 l.
1238 2447 1348 2507 Plures

105 2567 167 2611 nec
191 2553 277 2622 volo,
302 2567 360 2611 nec
382 2549 541 2632 accipiam.
565 2551 619 2612 Sin
644 2556 692 2611 est
716 2548 946 2610 incommodum
968 2547 1038 2619 tibi,
1068 2551 1184 2610 curabo
1207 2547 1345 2620 aliunde,

106 2653 174 2715 Nec
198 2657 259 2724 est,
283 2654 368 2730 quod
389 2652 449 2714 tibi
473 2655 543 2736 ipse
568 2654 731 2732 negotium
752 2652 861 2716 facias.
906 2652 995 2714 Vale.

1032 2751 1208 2829 Philippus.

627 2982 832 2998 Ἥ

111 3151 183 3219 522.
218 3160 272 3216 No.
287 3155 375 3216 378⁵.
402 3153 477 3240 (vol.
493 3161 517 3217 1.
540 3179 568 3234 p.
583 3153 671 3236 tel.)
738 3211 740 3216 ,
802 3149 1347 3235 (altaredimidiaparleApriI.1526.?)

222 3239 394 3269 Μ

323 3281 326 3288 ι

808 3235 1343 3278 ω--Ὗ--ι-ν

652 3383 796 3456 Eidem.
819 3407 821 3414 ’

179 3535 253 3590 Hane
275 3509 696 3604 epistolam'primumexhibuil
719 3501 837 3586 Brecher
856 3533 873 3584 l.
894 3535 912 3597 l.
931 3497 958 3600 p.
972 3535 1032 3588 364.
1052 3545 1097 3586 uo.
1111 3533 1167 3583 vll.
1205 3529 1289 3591 Quam
1313 3531 1345 3582 ob

215 3636 324 3692 causam
342 3625 429 3674 altera
448 3616 557 3674 dimidia
569 3623 669 3688 Aprilis
689 3629 767 3696 parte
785 3633 811 3672 a.
828 3621 903 3706 idid.
924 3633 981 3672 eam
999 3619 1128 3686 scriptam
1147 3634 1206 3670 esse
1225 3624 1346 3681 censeat,

214 3707 277 3761 ibid.
295 3710 322 3760 iu
341 3715 462 3764 annotat.
475 3710 517 3761 44.
539 3709 672 3775 exposuit.
703 3715 705 3723 ’

403 3960 405 3968 ,
451 3950 454 3971 1
513 3895 561 3968 D.
584 3895 732 3960 Iohanni
753 3850 957 3977 Agricola-e.

150 4039 182 4098 S.
215 4039 291 4098 Cum
314 4054 333 4098 a
354 4043 387 4097 te
408 4035 618 4108 discederem,
643 4037 772 4098 tametsi
795 4041 970 4113 tempestas
994 4038 1062 4098 erat
1085 4029 1343 4094 iterfacienlibus

109 4139 227 4217 iniqua,
251 4146 354 4200 lamen
370 4139 519 4201 loachimi
542 4140 765 4202 commercium
787 4142 911 4203 levabat
932 4138 1058 4199 itineris
1082 4137 1270 4198 molestiam.
1284 4135 1344 4197 Ubi
1392 4179 1395 4184 ι

108 4243 168 4302 huc
191 4248 319 4302 venturu
344 4248 402 4314 est,
425 4242 549 4303 reddidi
571 4245 710 4305 liuthero
733 4261 844 4305 munus
868 4248 1054 4320 argenteum
1077 4241 1208 4302 missum
1238 4241 1344 4302 alilo-

108 4353 205 4408 uarie.
244 4336 349 4423 Sa'epe
370 4345 493 4406 interea
515 4344 555 4406 dc
578 4349 671 4409 rebus
696 4346 738 4408 iis
763 4345 915 4424 cogitaui,
939 4341 1114 4422 dequibus
1139 4345 1342 4424 colloqueba-

108 4466 174 4510 mur
197 4449 359 4513 internos
383 4448 453 4520 soli.
500 4447 644 4511 Christus
668 4467 706 4511 ea
729 4429 878 4529 pericula,
904 4429 994 4524 quae
1008 4445 1203 4524 impendent,
1239 4447 1344 4510 discu-

108 4553 173 4614 tiat
218 4552 293 4614 Nam
329 4554 390 4613 hae
423 4537 602 4629 principum
637 4535 1009 4632 conspirationosfl'nilril
1032 4553 1107 4616 boni
1143 4553 1342 4629 portendunt.
