3120 5206
212 344 258 416 'lo
608 359 853 412 sunrunnanra
873 359 955 410 auur
975 361 1049 412 itan.

214 523 248 578 et
270 524 371 579 status
400 518 432 578 in
461 515 570 578 multis
599 515 826 583 conventibus,
861 521 993 592 propter
1029 530 1146 575 causae
1184 513 1447 592 magnitudinem,

214 637 336 682 summe
357 619 576 680 necessarium
600 627 631 679 et
654 619 733 678 utile
759 634 830 679 esse
855 617 1132 693 deprehenderunt
1155 625 1187 676 et
1213 617 1448 685 iudicaverunt,

215 729 340 783 etcum
371 721 478 782 debita
506 720 686 782 reverentia
719 741 736 780 a
761 722 791 780 C.
817 719 853 778 ll.
880 719 912 777 V.
944 718 1146 794 petiverunt,
1175 727 1208 778 ut
1238 719 1278 777 de
1309 717 1449 778 concilio

214 822 383 883 indicendo
408 843 465 900 pro
490 820 679 883 auctoritate
703 820 912 899 Imperatoria
937 840 1006 881 cum
1031 823 1116 881 Rom.
1149 823 1302 882 Pontifice
1326 828 1449 897 ageret,

213 932 249 986 ut
271 925 398 986 tandem
423 927 542 988 veritas
566 926 724 1002 patefacta
747 927 961 985 illustraretur
986 932 1016 985 ct
1040 933 1128 984 recte
1145 924 1292 986 instituta
1311 923 1449 1000 diligen-

213 1031 277 1090 tius
302 1035 521 1099 servarentur,
544 1036 575 1090 et
598 1033 714 1112 abusus
741 1027 986 1104 corrigerentur.

299 1134 344 1192 Ac
367 1131 445 1193 velit
470 1133 499 1191 C.
525 1133 563 1192 ll.
587 1131 622 1190 V.
648 1133 821 1192 clementer
850 1132 1050 1208 expendere,
1082 1131 1240 1206 quomodo
1268 1131 1330 1190 hoc
1356 1126 1451 1187 inter·
1548 1193 1549 1198 γ

214 1233 371 1310 prolaturi
396 1242 505 1296 essent
527 1236 674 1296 homines
698 1253 759 1294 non
784 1236 888 1295 solum
913 1235 944 1293 in
963 1233 1150 1302 Germania,
1173 1234 1229 1294 sed
1252 1231 1354 1294 etiam
1368 1229 1451 1306 apud

215 1343 342 1398 exteras
373 1337 538 1408 nationes,
575 1355 645 1398 cum
674 1337 771 1398 toties
805 1338 845 1397 de
874 1335 1037 1412 generali,
1075 1336 1178 1396 libero
1210 1342 1241 1396 et
1272 1332 1451 1394 christiano

215 1438 352 1500 concilio
376 1439 587 1524 deliberatum
610 1439 670 1510 sil,
695 1447 727 1499 et
749 1437 907 1500 communi
931 1454 1091 1500 consensu
1115 1437 1309 1515 expetitum,
1336 1444 1369 1496 et
1393 1435 1453 1496 toti

215 1542 349 1618 lmperio
374 1558 449 1619 spes
473 1543 512 1602 de
537 1559 576 1602 eo
598 1544 681 1602 facta
705 1541 765 1611 sil,
799 1543 828 1602 si
853 1542 916 1601 iam
947 1542 1065 1601 mentio
1097 1539 1227 1602 concilii
1252 1543 1453 1607 obrueretur,

214 1643 404 1721 praesertim
426 1642 456 1704 si
480 1642 577 1704 etiam
606 1644 736 1704 collatio
768 1644 800 1703 in
831 1645 892 1702 hoc
924 1649 1084 1703 conventu
1112 1641 1260 1702 instituta
1283 1641 1358 1702 sine
1383 1635 1453 1715 pro

214 1747 301 1807 lectu
322 1745 453 1816 luisset,
477 1763 612 1822 cumque
635 1745 831 1806 inevitabilis
853 1745 1033 1806 necessitas
1056 1746 1089 1805 in
1104 1751 1153 1806 tot
1172 1743 1323 1806 abusibus
1339 1744 1451 1804 Eccle-

215 1849 352 1919 siarnm,
381 1849 421 1908 de
445 1849 559 1925 quibus
583 1850 703 1924 ubique
726 1849 874 1925 publicae
898 1848 1049 1924 querelae
1073 1854 1163 1916 sunt,
1198 1847 1355 1924 synodum
1381 1843 1454 1921 cogi

214 1949 365 2026 postulet.

299 2051 482 2127 Quanquam
503 2051 585 2113 nihil
608 2054 787 2114 dubitamus
812 2053 843 2110 G.
868 2053 906 2112 M.
929 2051 965 2110 V.
997 2057 1127 2126 propter
1159 2051 1294 2126 gloriam
1314 2049 1390 2119 dei,
1425 2056 1455 2108 et

215 2153 387 2214 universae
409 2155 591 2225 Ecclesiae,
616 2158 838 2229 maximaeque
852 2151 874 2236 ¹)
901 2153 1111 2214 Germanicae
1136 2152 1277 2214 nationis
1302 2153 1454 2221 salutem,

215 2256 358 2318 daturam
387 2273 460 2319 esse
489 2275 636 2335 operam,
665 2276 706 2318 ne
737 2260 852 2318 frustra
884 2257 1029 2316 rideatur
1059 2272 1134 2331 spes
1164 2255 1295 2318 concilii
1321 2262 1454 2318 ostensa

216 2357 335 2444 essel).

300 2463 385 2524 Haec
414 2479 528 2541 precor
557 2463 696 2540 accipiat
722 2465 752 2523 C.
776 2462 813 2522 ltl.
838 2463 873 2520 V.
905 2463 1094 2530 clementer,
1132 2462 1272 2537 simplici
1305 2469 1336 2520 et
1369 2465 1452 2522 bono

216 2563 320 2624 animo
345 2583 363 2626 a
385 2582 435 2626 me
447 2564 471 2649 ⁸)
505 2572 633 2642 propter
657 2565 1023 2632 necessitatem'mearn‚
1060 2569 1092 2622 et
1114 2561 1266 2634 aliorum,
1291 2564 1349 2638 qui
1374 2563 1454 2624 mihi

216 2667 376 2730 coniuncti
407 2676 495 2739 sunt,
527 2674 780 2730 commemorata.
842 2667 907 2726 Nec
936 2668 1076 2744 patiatur
1106 2673 1141 2726 s'e
1173 2670 1384 2738 commoveri,
1422 2673 1454 2726 ut

216 2771 377 2842 concipiat
399 2771 539 2845 aliquam
560 2769 812 2847 indignationem
827 2770 978 2830 adversus
993 2785 1060 2837 me,
1084 2767 1186 2830 autin
1203 2769 1302 2830 simili
1321 2766 1453 2848 causa4)

215 2871 368 2934 adversus
392 2871 491 2942 elios,
515 2873 571 2947 qui
594 2889 718 2932 mecum
741 2874 898 2940 sentiunt,
922 2877 1094 2947 propterea
1117 2869 1192 2945 quia
1214 2890 1274 2932 non
1290 2873 1417 2946 possim
1428 2869 1453 2954 ⁵)

215 2974 348 3034 averbo
372 2981 404 3034 et
427 2975 572 3035 mandato
588 2975 650 3036 Dei
673 2979 756 3035 bona
779 2974 977 3034 conscientia
1001 2973 1040 3032 ad
1065 2989 1136 3034 cum
1158 2973 1285 3034 modum
1300 2973 1453 3044 deficere,
1547 3023 1548 3046 ,

215 3072 299 3134 sicut
320 3076 447 3150 petitur.
483 3075 546 3137 Sed
559 3076 638 3136 velit
659 3076 754 3145 nulii,
780 3076 827 3136 sic
847 3091 896 3134 ine
913 3076 1009 3134 toties
1026 3091 1063 3135 ex
1078 3090 1277 3150 supervacuo
1294 3073 1453 3146 offerenti,

215 3179 483 3242 clementissimus
507 3182 652 3242 dominus
677 3189 705 3239 ct
733 3181 907 3255 imperator
932 3195 1020 3246 esse,
1054 3194 1111 3238 nec
1142 3194 1325 3238 crtesarearn
1356 3182 1455 3238 bene·
1547 3169 1548 3178 ’

216 3284 388 3342 volentiam
412 3291 507 3358 atque
532 3286 732 3344 clementiam
759 3301 834 3360 erga
858 3297 907 3342 me
932 3277 1093 3358 rnatu-el).

302 3435 327 3499 l)
352 3437 553 3503 maximaeque]
574 3439 613 3488 sic
634 3437 713 3496 Cod.;
734 3435 825 3500 Chytr.
846 3442 872 3484 et
892 3433 1025 3486 eoelest:
1046 3435 1218 3499 maximeque

299 3520 326 3585 2)
353 3521 511 3588 Quanquam
530 3524 598 3573 nihil
619 3524 775 3574 dubitamus
794 3549 828 3558 -
847 3528 957 3572 ostensa
976 3520 1061 3587 esse]
1099 3521 1230 3578 coelest:
1261 3521 1330 3580 Quin
1357 3523 1452 3587 igitur,

213 3614 329 3675 propter
348 3609 464 3673 gloriam
481 3608 531 3660 Dei
551 3615 578 3660 et
596 3610 740 3660 universae
759 3607 913 3671 Ecclesiae,
939 3608 1110 3672 maximeque
1130 3607 1306 3660 Germanicae
1331 3609 1454 3660 nationis

213 3693 344 3756 salutem,
367 3692 395 3744 G.
416 3693 452 3744 M.
473 3694 506 3742 V.
527 3694 625 3744 datura
644 3693 680 3744 sit
699 3705 825 3760 operam,
846 3709 879 3742 ne
898 3693 976 3744 nobis
996 3693 1098 3745 trustra
1116 3694 1242 3746 videatur
1260 3709 1325 3759 spus
1345 3692 1454 3746 concilii

212 3775 287 3828 facta
309 3792 385 3837 esse,
406 3777 477 3828 nullo
497 3778 576 3828 modo
596 3778 763 3829 dubitamus.

299 3860 328 3925 3)
353 3861 441 3928 ame]
462 3861 529 3913 haec
549 3861 641 3928 Chytr.
662 3863 763 3914 omisit.

298 3943 326 4012 4)
353 3947 446 4013 causa]
474 3947 582 4013 chuta:
604 3963 669 3998 casu

298 4032 324 4098 b)
349 4033 465 4099 possim]
486 4033 591 4099 Cbptm
611 4033 723 4102 possum

301 4119 328 4183 6)
354 4121 427 4171 Hanc
451 4137 548 4187 precor
574 4122 693 4187 accipiat
718 4120 747 4172 O.
767 4121 802 4172 M.
822 4122 855 4172 V.
881 4147 912 4156 -
951 4149 954 4156 ⁴
998 4135 1062 4186 erga
1087 4138 1127 4172 me
1153 4121 1279 4186 mutare]
1319 4119 1451 4174 Caelesti

213 4204 284 4256 Haec
309 4207 413 4267 omnia,
445 4221 512 4270 quae
544 4207 610 4256 milri
642 4207 761 4270 miliique
787 4207 971 4270 irreligione
1003 4207 1154 4260 coniunctis
1186 4207 1268 4261 sociis
1293 4207 1451 4258 necessario

212 4291 447 4342 commemoranda
468 4299 493 4341 et
513 4293 680 4343 recensenda
700 4289 823 4355 luerunt,
849 4300 877 4342 ut
898 4277 926 4345 θ’.
947 4293 982 4343 Μ.
1004 4295 1036 4342 V.
1061 4293 1207 4343 clementer
1233 4299 1259 4342 et
1284 4291 1342 4342 sine
1369 4293 1451 4342 animi

214 4377 392 4430 commotione
418 4378 535 4446 accipiat
560 4379 749 4442 intelligatque
781 4379 919 4432 humiliter
950 4395 1032 4444 rogo,
1060 4385 1087 4428 et
1111 4379 1174 4442 qnia
1200 4394 1252 4431 uon
1280 4393 1408 4448 possum,
1438 4393 1452 4426 a

211 4461 293 4514 verbo
314 4469 341 4512 et
359 4462 488 4514 mundato
506 4461 570 4524 Dei,
596 4480 645 4530 pro
666 4471 696 4514 ut
714 4465 831 4530 petitur,
860 4465 991 4527 deiicere,
1019 4463 1045 4514 G,
1068 4463 1102 4513 Μ.
1125 4465 1158 4514 V.
1184 4471 1331 4536 propterca
1351 4464 1452 4514 nullam

214 4547 430 4612 indignationem
451 4549 603 4612 graviorem
623 4551 725 4614 inme,
754 4551 874 4613 miliique
895 4552 1055 4603 coniunctus
1074 4551 1227 4616 concipiat,
1253 4551 1301 4602 scd
1320 4549 1451 4620 Dominus

216 4639 243 4682 et
261 4635 412 4698 imperator
431 4639 523 4684 noster
542 4635 767 4688 clementissimus
789 4651 849 4686 esse
870 4642 969 4702 pergat
989 4642 1016 4686 et
1034 4642 1203 4704 permaneat.
