3152 5208
267 339 333 422 54ss
811 334 994 400 merrom
1075 364 1079 372 .

267 531 329 595 tur,
351 519 451 581 visum
475 518 554 582 milti
578 534 704 598 quoque
728 525 788 591 est,
811 525 846 580 ut
868 516 973 579 dolori
997 515 1131 594 ingenti,
1154 531 1217 592 quo
1234 513 1407 585 excrucior,
1428 531 1495 576 con·

268 621 490 701 scientiaeque
512 623 739 694 satisfacerem,
762 631 795 684 te
818 629 851 684 et
874 635 965 683 orare
988 628 1020 682 et
1044 633 1183 690 monere,
1207 618 1427 694 nequicquam
1442 617 1494 680 im-

267 729 331 808 piis
354 726 544 791 Anticlrristi
567 724 722 790 ministris
745 726 913 788 concedes.

352 865 439 928 Nihil
464 865 549 928 onim
571 863 697 942 ponitus
719 866 781 925 hoc
803 870 965 938 ternpore,
989 879 1051 938 quo
1075 866 1223 922 constans
1238 858 1400 920 confessio
1422 857 1499 916 veri·
1556 935 1558 942 Α

269 970 347 1034 tatis
370 987 389 1031 e
411 969 504 1032 nobis
528 965 708 1045 requiritur,
731 985 750 1028 a
771 971 804 1027 to
827 973 881 1027 aut
904 964 1013 1026 solroln
1034 965 1103 1036 hue,
1125 962 1209 1023 unde
1225 961 1343 1024 veritas
1366 959 1501 1038 protecta

273 1081 333 1146 est,
357 1069 499 1143 concedi,
521 1077 574 1134 aut
598 1071 630 1132 in
653 1070 798 1132 Ecclesia
820 1075 929 1131 nostre
952 1068 1065 1129 mutari
1097 1072 1216 1142 potest,
1252 1062 1329 1140 quin
1364 1060 1503 1140 ingentia

271 1176 420 1239 scandala
442 1173 549 1236 statim
565 1188 623 1248 per
634 1175 742 1234 orbern
754 1179 907 1234 terrarum
931 1176 1170 1246 consequantur.
1203 1169 1388 1246 Agnoscere
1403 1170 1502 1226 autern

272 1280 461 1342 deberemus
484 1275 565 1340 sutis
599 1292 759 1355 superque
782 1277 1000 1338 scandalorum
1024 1289 1165 1352 sparsum
1189 1287 1264 1332 esse
1302 1271 1335 1331 in
1357 1265 1503 1335 Ecclesia,

265 1400 357 1462 ‚quae
379 1379 513 1458 pusillos
536 1377 654 1442 christi
677 1381 870 1442 subvertunt.

328 1533 331 1549 ·
373 1519 463 1594 Quod
485 1518 640 1596 reliquum
664 1519 729 1589 est,
763 1515 948 1579 commendo
981 1520 1034 1586 te,
1068 1529 1118 1574 me
1155 1518 1188 1574 et
1220 1517 1317 1573 totam
1338 1507 1502 1572 Ecclesiam

276 1625 402 1687 Christo
425 1623 572 1694 Domino,
596 1621 652 1699 qui
681 1620 750 1694 scit,
773 1638 835 1699 quo
858 1619 963 1682 animo
985 1619 1068 1680 haec
1089 1617 1149 1682 tibi
1172 1633 1358 1694 proponam,
1381 1613 1504 1692 quique,

273 1735 308 1789 ut
336 1746 399 1790 non
429 1724 561 1796 dubito,
596 1742 696 1786 meam
731 1725 763 1786 in
785 1727 846 1786 lrac
869 1741 903 1786 re
932 1725 1123 1785 volunlatem
1147 1719 1338 1795 comprobat.
1385 1715 1504 1778 Confido
1557 1765 1558 1774 ,

277 1839 310 1893 et
333 1839 366 1893 te
389 1849 447 1910 pro
470 1838 525 1893 tuo
549 1828 685 1890 candore
707 1831 788 1890 hoec
811 1830 843 1889 in
868 1825 1031 1888 meliorem
1054 1832 1177 1901 perlem
1202 1829 1405 1899 accepturum
1427 1835 1504 1889 esse,
1557 1827 1558 1914 i

276 1939 309 1996 et
338 1931 367 1995 si
395 1951 457 1996 non
480 1935 597 1999 iactum
618 1933 766 2010 penitas,
801 1937 889 1993 certe
911 1937 1012 1994 tamen
1036 1928 1215 1990 institutum
1238 1932 1379 1987 nostrum
1402 1925 1504 2001 proba-

275 2044 377 2102 turum
400 2054 486 2100 esse.
528 2037 718 2098 Benenate.

365 2226 411 2316 [In
433 2237 569 2308 utroque
595 2229 676 2291 libro
713 2228 745 2290 in
774 2224 1012 2306 prolegomenis
1046 2223 1206 2288 recensito
1240 2224 1323 2284 hanc
1346 2222 1504 2298 epistolem

278 2335 498 2412 subsequitur:
522 2330 701 2410 „Praelatio
725 2333 757 2392 in
782 2333 903 2407 spinam
923 2331 964 2390 da
988 2329 1085 2392 ldissn
1107 2329 1144 2390 Μ.
1158 2327 1190 2388 F.
1207 2328 1290 2402 illyr.
1312 2327 1406 2387 Auno
1420 2325 1505 2385 titt.

278 2441 375 2502 Paulo
412 2445 487 2501 ante
518 2438 755 2502 luterbacensia
777 2436 908 2499 comitia
936 2433 1084 2510 Philippo
1120 2434 1288 2494 oblatam.“
1334 2431 1420 2492 Hanc
1442 2421 1502 2489 enm

278 2543 415 2622 Epilogo
441 2543 585 2604 eiusdem
608 2540 718 2619 scripti
746 2543 778 2602 h.
799 2541 818 2601 l.
844 2534 978 2622 omitto]
1083 2545 1086 2550 '

391 3125 564 3156 “a

285 3045 356 3107 seo.
388 3037 572 3106 musra».
619 3037 780 3124 (volun.
802 3063 831 3118 p.
848 3039 934 3116 414.)
1310 3037 1506 3151 Q

717 3267 827 3338 Idem
852 3263 904 3340 ad
931 3266 1102 3342 eundem.
1556 3193 1557 3256 l

356 3439 430 3492 llaec
449 3435 565 3506 epistola
583 3437 720 3490 invenitor
739 3437 765 3486 in
784 3437 881 3489 iisdem
900 3437 1006 3490 duobus
1024 3438 1110 3501 libris,
1130 3451 1196 3503 quos
1215 3439 1243 3488 in
1256 3437 1445 3504 praecedentis
1461 3437 1506 3504 epi-

387 3522 472 3576 stolae
491 3539 537 3576 no.
549 3523 609 3578 tot.
629 3522 832 3592 prolegomenis
850 3523 979 3590 iudicavi,
998 3523 1057 3576 soil.
1079 3525 1107 3574 ln
1125 3523 1210 3593 priori
1229 3521 1276 3580 iol.
1294 3521 1414 3590 Eia-du,
1438 3523 1462 3574 ln
1478 3521 1507 3572 al·

388 3617 447 3664 tero
465 3609 513 3664 iol.
532 3607 673 3664 litt-lor.

458 3815 612 3902 Epistola
636 3815 782 3881 eiusdem
803 3817 850 3878 ad
870 3813 1070 3909 Philippum
1092 3814 1352 3891 Metontloeem.

380 3987 534 4050 Dominus
557 3988 671 4050 ihesus
694 3991 777 4052 adsit
809 3991 886 4062 tibi,
919 3989 998 4051 mihi
1022 3997 1053 4051 et
1076 3991 1221 4052 omnibns
1243 3976 1315 4068 ptisj
1337 3999 1373 4054 ut
1392 3975 1433 4054 'ea
1453 4009 1508 4069 aga·

290 4107 473 4168 mus„qrrae
497 4093 537 4153 ad
559 4090 664 4171 ipsius
687 4093 818 4171 gloriam
849 4099 881 4154 et
903 4094 1089 4156 miserorum
1111 4092 1374 4158 conscientiarum
1400 4096 1508 4158 excedi·

291 4194 472 4258 ficationem
495 4195 626 4268 iaciunt,
659 4213 697 4258 ac
718 4197 759 4257 de
779 4196 894 4275 quibus
907 4196 1014 4259 'etiam
1038 4213 1141 4261 corum
1154 4182 1314 4260 'tr'ibuimli
1337 4187 1452 4260 Christi
1472 4213 1506 4258 ra·
1555 4249 1556 4262 t

292 4295 411 4361 tionem
433 4297 568 4370 reddere
593 4300 762 4381 possimus,
786 4303 897 4369 Amen.
1007 4335 1009 4342 v
1312 4314 1316 4323 '

379 4435 448 4498 ntsr
484 4436 546 4498 ram
582 4440 738 4515 quaeram
774 4439 893 4501 eximia
916 4437 1075 4519 septenne
1108 4421 1269 4519 dliquitis
1292 4413 1419 4527 uidetur
1440 4424 1506 4512 e'sse,

295 4536 391 4602 etiam
427 4539 458 4600 in
481 4540 626 4603 Ecclesia
654 4551 687 4605 et
721 4543 899 4621 Religionis
925 4546 1067 4623 negotiis
1102 4547 1148 4608 ita
1180 4529 1296 4622 loquis
1321 4529 1454 4610 scribere
1482 4547 1506 4604 et

295 4655 404 4717 agere,
427 4647 461 4704 ut
484 4646 666 4708 nontocite
689 4647 747 4710 ulii
770 4647 816 4724 pii
838 4639 1246 4727 'utrimriduertere'pos'sint
1260 4630 1433 4728 ''qnid'illi
1451 4665 1506 4710 sen·
1554 4701 1555 4742 i
