3102 5202
252 317 318 386 m
621 325 863 380 strtrtattanra
887 327 966 380 anm
987 329 1132 380 taceant.

338 489 459 559 Quanto
481 486 594 549 doloro
617 490 750 561 propter
773 481 1018 544 honestissimae
1041 486 1189 561 coniugis
1217 486 1335 548 obitam
1357 485 1483 548 allectus
1541 521 1542 586 t

256 590 301 650 sis
324 598 356 650 ct
378 586 539 659 crucieris,
562 587 656 648 lacile
679 602 720 648 ex
742 587 883 648 lracurea
906 585 1004 646 animi
1029 587 1188 648 moestitia
1210 589 1374 657 etdotore,
1398 607 1484 663 quem
1541 593 1542 612 ¹

257 711 296 754 ex
320 695 380 753 lroc
401 707 476 752 casu
510 688 730 752 incredibilem
764 689 891 765 accepi,
925 689 1135 750 coniecturam
1169 690 1259 756 iccio.
1306 691 1378 752 Nom
1409 707 1486 766 quae

257 793 469 872 cogitationes
494 800 567 854 tuce
601 809 682 854 nunc
713 790 792 862 sint,
829 793 972 866 quodque
996 791 1192 854 desiderium
1227 795 1289 853 hoc
1318 791 1487 854 commuuio

258 902 324 962 lore
348 899 494 974 exempla
518 897 548 958 in
573 897 633 956 hoc
655 911 775 972 genere
799 897 935 956 lmmano
959 897 1037 956 satis
1061 897 1205 956 edocent.
1250 897 1352 967 erare
1375 897 1407 956 in
1430 897 1487 956 troc

258 1010 313 1062 luo
338 1002 422 1062 luctu
457 999 641 1075 neutiquam
674 997 766 1074 patui
800 996 878 1058 illud
905 999 1033 1074 vulgare
1057 999 1192 1060 alliciam
1229 999 1349 1062 amicos
1381 1017 1488 1060 conso·

261 1103 344 1166 laudi
366 1102 631 1180 praemunitione.
681 1099 751 1162 Scis
786 1099 868 1162 enim
903 1102 1150 1178 magnitudinem
1181 1104 1296 1166 amoris
1319 1102 1383 1164 mei
1419 1119 1487 1177 erga
1542 1107 1543 1160 t

260 1217 300 1270 te.
345 1208 412 1270 Non
435 1215 541 1268 actem
565 1215 660 1282 potes
683 1219 724 1266 ex
746 1205 809 1264 ullo
832 1222 866 1264 re
888 1203 950 1264 alia
973 1205 1174 1282 praesentius
1198 1207 1348 1268 solatium
1370 1205 1417 1268 tris
1432 1223 1486 1266 nra·

264 1311 302 1373 lis
325 1311 389 1373 tuis
413 1311 541 1375 aliunde
563 1317 685 1384 petere,
719 1309 782 1370 nisi
818 1309 846 1368 si
882 1309 1017 1386 cogites,
1052 1317 1083 1370 et
1117 1317 1204 1373 certo
1239 1317 1342 1372 lecum
1373 1317 1486 1370 statum

261 1413 378 1490 animo,
401 1415 463 1477 hoc
485 1429 548 1476 uon
571 1411 616 1474 ita
638 1420 772 1482 temere,
794 1411 851 1472 sed
874 1418 961 1474 certe
983 1413 1114 1488 qrredmn
1139 1421 1171 1473 et
1194 1415 1346 1476 benevola
1361 1412 1417 1478 Doi
1438 1430 1484 1470 vo·

262 1519 383 1578 luntate
406 1515 575 1586 accidisse,
609 1521 642 1576 et
665 1515 759 1576 simul
784 1513 888 1586 etiem,
919 1533 980 1579 non
1004 1533 1095 1589 vana,
1129 1516 1188 1578 sed
1212 1515 1367 1592 singulari
1389 1515 1485 1591 dispo·
1543 1537 1544 1612 p

264 1622 383 1702 sitione
409 1617 520 1681 divina
542 1633 594 1680 res
617 1619 768 1680 humanas
791 1618 836 1679 ite
859 1627 1065 1694 comparatas,
1096 1625 1127 1679 et
1149 1620 1267 1679 nullum
1291 1620 1386 1679 huius
1409 1617 1484 1677 ritae
1543 1627 1544 1666 1

263 1727 378 1785 bonum
413 1729 569 1798 perpetuo
607 1719 650 1782 sit
686 1719 830 1782 solidum.
875 1721 963 1793 Quod
993 1719 1094 1799 ipsum
1124 1720 1269 1783 fortassis
1308 1724 1367 1783 lrac
1395 1719 1484 1798 gratia

264 1829 310 1896 sn,
340 1834 373 1885 nt
397 1824 554 1884 discamus
577 1820 648 1883 hinc
670 1839 772 1898 aequo
798 1831 829 1884 et
851 1823 1024 1884 christiano
1048 1823 1154 1885 animo
1176 1825 1322 1893 tolerare,
1351 1821 1483 1900 quicquid

265 1929 296 1990 in
320 1930 379 1989 trac
401 1927 604 1996 mortalitate,
628 1933 682 1986 aut
704 1925 832 1986 adversi
852 1933 909 1988 aut
929 1925 1083 1988 commodi
1106 1926 1197 1987 nobis
1218 1944 1280 1987 usu
1310 1926 1430 2000 veniet,
1459 1931 1485 1983 et

264 2033 359 2094 rebus
382 2027 529 2090 secundis
551 2046 612 2089 non
638 2026 754 2098 efferri,
779 2035 811 2088 et
825 2029 883 2090 Dei
896 2030 1150 2090 benevolentiam
1172 2028 1292 2106 ubique
1315 2043 1485 2106 agnoscere.

266 2133 327 2194 Sed
361 2130 462 2208 inagis
494 2129 626 2208 impium
657 2136 717 2201 est,
751 2145 812 2191 non
837 2132 995 2192 sustinere
1028 2133 1187 2209 patienter
1210 2132 1403 2193 volantatem
1424 2132 1484 2198 Dei,

269 2239 298 2298 si
321 2235 427 2311 aliqua
448 2233 653 2303 adversitate,
689 2231 719 2294 si
746 2234 878 2294 orbitate
902 2233 1058 2312 coniugis,
1082 2234 1250 2296 liberorum
1275 2238 1307 2293 et
1329 2235 1482 2294 amicorum
1544 2255 1545 2262 ¹

266 2338 420 2418 angimur.
464 2337 584 2397 Docent
607 2335 692 2397 enim
722 2355 831 2398 sacrae
853 2338 979 2408 literae,
1011 2345 1045 2398 et
1068 2339 1213 2413 exempla
1235 2353 1340 2414 paene
1363 2337 1482 2397 omniun

266 2447 450 2508 Sanctorum
473 2447 635 2510 testentur,
659 2441 743 2505 haud
757 2441 839 2502 adeo
862 2442 1001 2504 feliciter
1023 2459 1092 2504 cum
1115 2442 1157 2504 iis
1180 2441 1244 2518 agi,
1268 2440 1324 2516 qui
1347 2455 1481 2519 prospere

267 2552 386 2620 tontum
409 2544 503 2604 huius
527 2542 612 2604 vitae
647 2544 802 2614 sentiunt,
836 2551 868 2604 et
902 2547 941 2608 ab
976 2543 1198 2606 afflictionibus
1222 2543 1383 2613 omnihus,
1416 2555 1482 2616 pune

267 2663 447 2712 communes
469 2652 540 2708 sunl
569 2643 764 2718 christianis,
786 2647 964 2710 abhorrent.
1008 2648 1086 2710 Nola
1108 2652 1157 2708 est
1179 2647 1339 2710 sententia
1362 2645 1479 2706 Saloma-

268 2753 334 2814 nis:
376 2748 464 2829 Quos
485 2747 599 2833 diripit
620 2747 787 2814 amram
808 2758 867 2812 eto.
905 2747 944 2812 Et
967 2749 999 2812 in
1023 2751 1162 2828 epistola
1184 2750 1223 2810 ad
1245 2749 1342 2814 Hebr.
1365 2747 1479 2813 adulteri

267 2854 327 2915 lrlii
352 2860 511 2926 vocantur,
534 2852 587 2930 qni
618 2855 782 2931 perpetuis
805 2855 949 2916 fortunae
972 2853 1064 2915 bonis
1088 2855 1235 2932 gaudent.
1259 2853 1402 2916 Amisisti
1420 2870 1478 2912 mo-
1545 2895 1546 2934 3

269 2973 333 3018 rem
365 2958 506 3028 charam,
537 2956 696 3034 pudicam,
728 2964 876 3028 sanctem,
907 2961 987 3019 bene
1011 2965 1171 3019 mareiam.
1216 2957 1328 3019 Fateor
1361 2960 1392 3016 et
1419 2951 1477 3013 scio.

267 3062 308 3122 at
330 3060 404 3138 quid
427 3056 551 3122 lacios?
595 3067 649 3122 aut
672 3061 757 3138 quid,
781 3063 924 3136 obsecro,
947 3064 979 3120 te
1003 3077 1162 3130 maceres,
1192 3077 1260 3122 cum
1291 3065 1324 3120 el
1344 3061 1420 3126 haec
1437 3073 1477 3116 ro·

270 3162 372 3224 luntas
395 3161 454 3224 Dei
477 3160 585 3234 luerit,
615 3164 666 3224 cui
695 3163 852 3226 obsistere
875 3180 968 3225 nemo
991 3161 1116 3242 possit?
1160 3161 1200 3224 Et
1232 3163 1335 3244 magis
1364 3161 1479 3248 gaudere

269 3264 419 3336 debebas,
428 3264 510 3340 qnod
532 3265 701 3326 secundum
725 3266 805 3326 hauc
818 3265 877 3328 Dei
899 3267 1098 3336 voluntatem,
1122 3265 1153 3327 in
1178 3273 1239 3328 tnm
1263 3271 1370 3328 sancto
1392 3260 1479 3324 mortis

272 3383 391 3446 genere
416 3373 510 3446 atque
535 3370 614 3429 adeo
637 3368 669 3430 in
691 3369 751 3430 hac
772 3367 941 3433 vocatione
963 3368 1014 3431 sui
1036 3371 1210 3448 puerperii,
1234 3369 1320 3432 diem
1337 3385 1420 3430 suum
1439 3366 1479 3426 otr-

270 3469 351 3532 ierit.
397 3473 421 3530 0
445 3471 570 3532 reticem
600 3472 687 3534 illam
710 3478 742 3532 et
765 3473 896 3543 beatam,
924 3488 1006 3549 quae
1028 3473 1161 3536 liberata
1184 3472 1225 3535 sit
1254 3474 1292 3534 ab
1316 3471 1408 3560 huius
1427 3482 1479 3530 sne

271 3573 331 3634 culi
353 3571 487 3634 infinitis
510 3589 613 3648 paene
637 3572 740 3645 malis,
763 3574 971 3652 relinquendo
995 3575 1045 3636 sui
1073 3581 1136 3638 tam
1156 3575 1261 3645 dulce,
1292 3580 1356 3638 tarn
1378 3571 1478 3634 deside

271 3681 368 3736 return
392 3676 594 3738 desiderium.
640 3677 701 3738 Nos
723 3675 880 3753 inlelices',
913 3679 966 3754 qui
995 3677 1026 3736 in
1050 3679 1266 3748 hosmundo,
1296 3683 1432 3754 tanquam
1455 3670 1478 3730 in

272 3779 431 3855 ergastulo
456 3779 599 3855 quodam,
630 3786 661 3839 et
693 3783 754 3842 tam
779 3778 910 3842 infinitis
941 3797 1044 3858 paene
1067 3781 1159 3842 malis
1182 3778 1389 3842 detineamur.
1432 3774 1477 3836 Sed

271 3884 364 3942 linem
389 3879 470 3941 lacio
494 3881 651 3956 epistolae
683 3880 715 3942 in
739 3883 941 3953 consolando,
973 3899 1011 3943 ne
1038 3885 1107 3957 plus
1137 3898 1257 3960 augere
1288 3879 1397 3942 videar
1415 3879 1478 3938 dolo·

271 4002 335 4045 rem
372 4001 463 4060 quam
500 3985 649 4044 allevare.
695 3985 783 4056 Quod
814 3987 917 4048 serius
940 3985 1072 4064 scripsi,
1113 3985 1209 4063 cupio
1240 4001 1288 4044 me
1321 3990 1476 4046 excusatum

273 4086 342 4148 tibi.
386 4087 462 4148 Nam
491 4104 549 4164 per
572 4088 782 4151 hebdomadae
806 4090 926 4167 aliquot
954 4090 1040 4152 domi
1067 4109 1130 4152 nou
1153 4087 1209 4150 lui.
1253 4089 1340 4150 Bene
1363 4087 1433 4158 vale,
1456 4087 1477 4141 el

273 4190 397 4252 Christo
421 4199 452 4251 te
476 4199 573 4253 totum
598 4192 790 4254 commenda.
