3072 5208
150 312 215 382 toa
549 308 792 378 surranuau‘ra
815 325 895 376 auur
918 327 991 379 1544.

152 487 349 548 horridiores
373 481 488 544 literae
512 479 710 548 scribuntur,
734 480 849 540 malum
867 481 900 540 id
914 484 1083 541 obruamus
1102 478 1244 550 silentio,
1269 483 1416 540 nostra-

152 607 215 666 que
244 595 312 650 arte
342 585 509 646 leniamus.
561 584 677 642 Verum
710 581 787 656 quid
817 582 923 652 dices,
952 583 996 642 mi
1019 582 1187 661 Philippa,
1221 584 1251 643 si
1275 583 1418 642 literae

151 694 247 756 huius
271 688 356 751 modi
380 689 459 757 sint,
492 694 526 746 ut
550 684 683 748 difficile
715 684 759 744 sit
791 686 830 746 ad
861 702 917 746 eas
946 687 1063 756 silere,
1095 703 1153 747 nec
1176 687 1242 746 ulla
1266 683 1420 762 possint

152 795 346 860 artaleniri.
393 793 440 854 De
455 791 490 852 D.
509 787 636 850 Martini
652 788 783 848 Lutheri
807 789 911 850 literis
936 792 1055 864 loquor.
1096 790 1189 850 Noris
1206 808 1245 850 an
1263 789 1419 850 nescias

151 904 333 979 ignoramus
363 896 446 956 tales
479 893 652 953 Lutharum
684 893 723 952 ad
753 893 1004 953 Froschoverum
1039 900 1181 954 nostrum
1217 891 1419 970 scripsisse

152 1005 262 1066 literas
288 1001 381 1084 (quas
404 998 489 1058 haud
512 995 608 1056 dubie
632 1014 690 1056 uos
721 1014 781 1056 non
807 997 966 1073 ignorare,
990 995 1188 1071 minimeque
1211 998 1320 1058 latere
1351 1013 1418 1054 vo-

152 1109 224 1184 luit)
252 1112 286 1164 ut
317 1121 377 1162 nou
409 1100 487 1162 satis
521 1100 646 1175 possint
678 1098 808 1168 mirari,
845 1101 899 1172 qui
931 1115 987 1158 aas
1018 1101 1128 1176 legunt
1157 1101 1216 1160 viri
1252 1101 1342 1160 boui
1382 1105 1420 1157 et

151 1208 255 1278 docti,
279 1205 356 1281 quiid
377 1203 515 1264 Luthero
541 1202 703 1268 evenerit,
727 1202 812 1275 quod
836 1207 922 1262 tauta
946 1220 1015 1262 cum
1040 1201 1260 1271 immodestia,
1297 1208 1338 1262 ut
1370 1215 1419 1262 ne

151 1311 230 1390 quid
252 1308 356 1370 dicam
378 1306 542 1373 acerbius,
566 1312 630 1364 tam
654 1303 739 1366 diras
763 1305 800 1364 in
825 1323 882 1366 uos
907 1305 1056 1365 effuderit
1080 1303 1331 1367 criminationes
1363 1311 1418 1365 at-

154 1431 215 1491 que
239 1407 458 1472 contumelias.
508 1407 545 1466 Et
576 1407 651 1481 quia
681 1407 763 1466 forte
793 1408 922 1483 ignoras
953 1423 1031 1481 quas
1061 1408 1246 1484 scripserit,
1279 1407 1419 1482 paucis

153 1520 186 1582 iu
210 1520 314 1580 sinum
337 1512 430 1574 antici
461 1518 493 1570 et
522 1511 628 1570 iratris
659 1509 834 1579 obtundam,
866 1511 1017 1586 quicquid
1048 1512 1080 1571 id
1112 1518 1161 1572 est
1191 1509 1419 1572 iniuriarum.

153 1623 225 1684 Mor
256 1623 295 1680 ab
326 1615 419 1678 initio
450 1614 626 1690 epistolae,
667 1612 775 1686 Neque
807 1628 885 1689 ego,
924 1614 1043 1688 inquit,
1079 1628 1182 1688 neque
1212 1613 1305 1674 ullae
1341 1615 1421 1675 Dei

152 1723 333 1790 Ecclesiae,
356 1721 454 1779 ullam
477 1736 548 1778 curn
571 1716 688 1776 vestris
713 1715 987 1791 praedicatoribus
1002 1716 1256 1777 communionem
1272 1719 1420 1780 habere

153 1835 295 1907 possunt.
340 1823 452 1884 Sumus
476 1821 586 1895 itaque
609 1818 740 1880 Lutheri
764 1818 886 1880 iudicio
902 1820 1021 1880 resecti
1039 1840 1056 1882 a
1073 1812 1235 1881 consortio
1251 1822 1421 1884 omnium

154 1937 349 1996 sanctorum,
379 1923 480 1986 veluti
504 1921 596 1998 impii
619 1931 652 1982 et
675 1925 858 1998 pertinaces
883 1923 1049 1986 haeretici.
1101 1924 1183 2001 Ergo
1206 1932 1320 1986 nostra
1353 1927 1420 1988 do-

154 2037 254 2098 ctrina
279 2026 520 2103 corruptissima
544 2033 601 2085 est.
655 2026 736 2102 Ergo
761 2032 889 2087 nostrae
914 2027 1080 2088 Ecclesiae
1103 2045 1165 2088 non
1190 2033 1262 2087 sunt
1286 2027 1419 2089 Eccle-

153 2139 223 2202 siae
252 2133 386 2201 Christi,
423 2130 481 2192 sed
512 2145 695 2206 synagogae
727 2128 927 2192 Sathanicae.
986 2132 1034 2190 Ab
1065 2129 1160 2190 huius
1191 2130 1276 2190 modi
1309 2131 1421 2193 enim

154 2237 376 2306 commuuione
399 2233 494 2295 iussit
518 2241 645 2294 sanctos
669 2232 830 2294 abstinere
854 2237 1039 2310 Apostolus.
1092 2233 1149 2294 llis
1174 2241 1278 2294 autem
1306 2233 1419 2310 quiid,

153 2365 226 2415 oro,
250 2345 376 2420 poterat
400 2337 431 2398 iu
456 2356 512 2397 rios
536 2337 677 2396 atrocius
703 2337 752 2394 vel
778 2334 937 2413 cogitari?
985 2338 1047 2396 lmo
1073 2333 1219 2412 adiungit
1245 2333 1296 2393 bis
1327 2355 1417 2411 pro-

153 2451 254 2512 tinus:
292 2445 395 2506 Doleo
427 2441 501 2502 illos
531 2446 701 2514 tantopere
730 2440 891 2508 laborare,
928 2447 960 2499 et
989 2447 1093 2500 tamen
1123 2441 1290 2500 damnatos
1332 2455 1423 2498 esse

155 2561 250 2629 atque
274 2545 417 2626 perditos
479 2545 664 2604 Careremus
697 2541 806 2617 itaque
838 2559 911 2602 vera
940 2542 974 2602 in
999 2542 1160 2604 Christum
1182 2543 1254 2603 fide.
1304 2542 1421 2613 Quic-

155 2655 232 2733 quid
255 2652 340 2714 euim
365 2665 404 2708 ex
427 2647 490 2708 fide
514 2665 575 2706 non
601 2653 666 2714 est,
699 2653 867 2721 peccatum
891 2652 949 2706 est.
1005 2647 1042 2706 Et
1067 2647 1122 2721 qui
1146 2665 1207 2707 nou
1233 2646 1349 2708 credit
1380 2649 1420 2710 in

153 2759 352 2836 unigenitum
375 2751 438 2814 Dei
460 2749 593 2818 Filium,
623 2749 685 2810 iam
709 2748 868 2810 iudicatus
893 2756 951 2810 est.
1004 2750 1138 2819 Rursus,
1170 2751 1249 2810 satis
1281 2750 1414 2812 admo-

154 2863 214 2926 niti
238 2867 325 2928 sunt,
357 2856 478 2929 inquit,
506 2859 540 2913 ut
564 2851 757 2928 resipiscant
789 2855 827 2914 ab
861 2869 968 2913 errore
993 2859 1025 2912 et
1046 2869 1086 2912 na
1117 2869 1224 2914 secum
1253 2850 1418 2915 irriseros

154 2965 302 3028 homines
326 2959 452 3036 rapiant
475 2956 514 3016 ad
539 2954 678 3024 inferos,
700 2956 758 3014 sed
780 2956 882 3016 nullas
906 2957 1022 3016 habent
1045 2972 1140 3016 aures
1163 2955 1204 3015 ad
1222 2971 1304 3016 sana
1327 2975 1416 3018 con-

156 3069 230 3131 silia
253 3072 312 3126 etc.
358 3061 453 3132 Quis,
484 3077 557 3135 oro,
588 3057 631 3120 mi
654 3057 822 3134 Philippo,
851 3073 987 3131 unquam
1018 3077 1076 3120 nos
1100 3052 1288 3118 admonuit?
1325 3059 1417 3133 quis

156 3173 196 3232 de
227 3183 335 3230 errore
367 3166 398 3223 in
428 3159 573 3222 doctriua
604 3157 769 3222 convicit?
821 3161 883 3220 lrno
915 3162 1097 3222 obtulerunt
1126 3157 1318 3220 Helveticae
1347 3162 1416 3222 Ec-

158 3275 280 3336 clesiae
309 3264 545 3330 contessionem
577 3263 654 3328 fidei
684 3279 762 3324 suae
791 3265 946 3324 Luthero:
983 3263 1197 3324 submiserunt
1225 3261 1337 3322 eidem
1380 3274 1417 3325 et.

157 3373 406 3438 declarationem
439 3368 643 3428 articulorum
679 3367 718 3426 de
752 3368 932 3428 ministerio
965 3365 1053 3427 verbi
1088 3372 1120 3426 et
1150 3366 1181 3423 vi
1211 3366 1416 3428 Sacramen-

156 3486 267 3540 torum.
319 3476 352 3534 ln
382 3469 558 3532 iis'tamen
589 3469 732 3530 omuibus
762 3468 843 3530 nihil
875 3468 1037 3529 damnavit
1068 3469 1240 3528 Lutherus:
1275 3468 1416 3532 nullius

157 3599 216 3642 nos
241 3576 358 3641 erroris
383 3572 540 3636 convicit:
563 3573 650 3632 nulla
672 3570 892 3633 admonitione
914 3575 953 3632 ab
976 3572 1042 3631 ullo
1066 3571 1147 3631 falso
1174 3569 1327 3646 dogmate
1355 3589 1416 3632 re-

157 3680 262 3744 traxit.
308 3675 430 3754 Scripsi
455 3673 603 3751 privatim
627 3688 687 3750 ego
713 3689 840 3749 quoque
865 3675 1021 3744 halbero,
1053 3679 1085 3732 et
1108 3675 1285 3733 obtestatus
1317 3689 1416 3745 sum,

158 3783 289 3860 siquid
319 3779 437 3842 erroris
469 3778 502 3838 in
532 3784 639 3838 nostra
670 3777 816 3840 doctrina
847 3793 921 3838 esse
945 3775 1045 3846 norit,
1074 3775 1177 3836 amice
1200 3781 1233 3834 et
1255 3774 1414 3837 fraterne

159 3889 287 3950 iudicet.
334 3882 455 3960 Scripsi
480 3882 618 3955 denique
643 3881 784 3942 ciuilium
806 3882 934 3942 botrum
959 3887 991 3940 et
1014 3878 1248 3948 Ministrorum,
1273 3877 1334 3952 qui
1352 3879 1414 3939 Ti-

160 3993 294 4070 guriuae
323 3986 491 4050 Ecclesiae
520 3983 752 4054 ministramus,
783 3984 873 4063 iussu
903 3990 935 4042 et
966 3981 1101 4044 nomine.
1159 3973 1415 4043 Ceterum'ille

159 4111 200 4156 ne
224 4097 354 4154 verbum
379 4091 506 4170 quidem
529 4087 703 4164 respoudit.
738 4089 825 4148 Numa
849 4085 928 4148 satis
950 4085 1116 4154 admoniti,
1142 4087 1243 4146 nullas
1259 4085 1301 4145 ad
1318 4103 1414 4148 sana

161 4195 298 4258 consilia
321 4209 415 4254 aures
438 4193 608 4260 habemus,
643 4207 680 4250 ac
703 4190 851 4250 homines
875 4196 1004 4249 nostrae
1024 4189 1101 4250 fidei
1124 4186 1264 4271 creditos
1288 4187 1413 4250 nobis-

161 4317 231 4360 cum
255 4297 428 4372 abripimus
457 4295 495 4356 ad
518 4301 644 4356 tartara.
667 4330 704 4337 -
733 4293 861 4352 Atracia
886 4297 958 4352 aurit
978 4293 1068 4361 haec,
1092 4307 1200 4351 verum
1221 4297 1414 4366 sequuntur

161 4401 327 4465 atrociora.
387 4399 482 4470 Nolo,
514 4397 632 4472 inquit,
669 4413 742 4457 osse
773 4394 936 4472 particeps
976 4393 1188 4456 damnationis
1218 4409 1329 4454 eorum
1365 4413 1412 4458 ac

161 4506 370 4592 blasphemae
394 4503 572 4562 doctrinae:
597 4501 660 4562 imo
685 4502 782 4560 orabo
807 4507 838 4560 et
862 4499 983 4559 docebo
1008 4503 1114 4577 contra
1139 4497 1213 4557 illos
1238 4497 1410 4559 adfinem

162 4625 263 4684 rusque
287 4607 374 4666 vitae
397 4621 497 4665 meae.
542 4605 586 4665 En
612 4603 718 4664 omnia
740 4609 849 4662 nostra
872 4600 1105 4661 damnationem
1135 4603 1312 4674 nuncupat:
1342 4599 1408 4661 do-
