3084 5208
446 338 691 392 surrentinum
707 339 793 390 ‘xuni
823 340 898 393 raca
1227 319 1291 395 iel

73 513 136 554 auro
152 494 262 571 pictis,
288 495 406 556 iniecta
427 495 529 554 vestis
552 509 650 554 altrea
673 501 750 554 erat.
795 495 915 556 Pileum
939 497 1076 556 habebat
1098 515 1292 575 purpureum

73 615 129 658 oum
149 615 251 674 penna
281 599 361 659 alba.
411 598 521 658 Aciem
552 598 623 673 ipse
653 599 803 659 instruxit
832 597 956 660 adeave
983 600 1150 670 discurrit,
1185 577 1221 662 ut
1252 605 1291 662 ab

73 706 173 760 armata
192 699 226 760 in
252 699 436 774 expeditum
458 715 573 774 equum
598 699 758 760 transilire
778 708 949 778 oporteret.
984 701 1114 780 Signum
1130 705 1290 778 equestris

73 803 214 864 exercitus
242 803 280 864 D.
305 802 347 864 lo.
377 805 415 864 ab
440 803 579 864 Hulobcn
611 803 683 880 ipse
714 821 773 864 sua
800 821 893 865 manu
916 805 1014 865 dedit.
1068 807 1124 866 Vis
1147 808 1290 868 bombar-

72 906 163 965 damm
186 912 216 965 et
240 911 436 967 commeatus
459 905 572 982 ingens
595 905 728 966 aduecta
751 916 826 967 erat.
877 907 1048 982 Numquam
1072 910 1192 968 lantum
1213 907 1290 970 Ger·

71 1007 169 1069 manici
193 1008 350 1070 sermonis
372 1011 412 1070 ab
439 1025 478 1069 eo
503 1009 644 1069 auditum
673 1016 731 1070 est.
781 1009 901 1070 Passim
932 1010 1059 1084 equites
1091 1016 1122 1068 et
1152 1011 1290 1086 pedites,

71 1112 163 1171 lluces,
183 1117 213 1171 et
236 1113 417 1188 gregarium
449 1112 583 1175 militem
613 1113 814 1190 appellabat,
845 1112 1030 1188 increpabat
1060 1119 1092 1171 et
1122 1112 1290 1173 excitabat.

72 1213 211 1289 Quicquid
234 1215 362 1276 navium
383 1214 514 1274 Rhenus
537 1215 635 1274 habat
658 1232 677 1275 a
700 1213 793 1292 Spina
814 1231 917 1289 usque
942 1213 1123 1284 Coloniam,
1146 1215 1199 1274 hic
1218 1231 1291 1276 con·

71 1315 227 1390 sperisses.
273 1315 503 1394 impedimenta
531 1318 686 1378 immensa
718 1333 824 1378 secum
847 1318 974 1377 trahunt
1001 1318 1067 1377 ltali
1092 1324 1124 1375 et
1146 1317 1290 1393 Hispani.

70 1419 216 1488 Quomodo
239 1436 322 1482 vero
342 1426 435 1496 putas
459 1428 587 1480 nostros
607 1423 647 1480 ab
672 1421 723 1480 liis
746 1421 928 1497 hospitibus
958 1426 1108 1481 tractatos
1136 1435 1210 1480 esse
1234 1437 1292 1495 per

68 1539 168 1583 novem
190 1524 266 1584 illos
290 1524 377 1592 dies,
409 1525 526 1598 quibus
554 1524 609 1584 hic-
630 1519 826 1584 haeserunt?
862 1525 964 1600 gratia
986 1524 1139 1592 Domino,
1164 1521 1203 1581 de
1228 1530 1285 1582 stu·

69 1626 124 1701 pris
146 1627 225 1688 ninii
247 1627 389 1686 anditum
407 1635 464 1686 est.
499 1627 615 1688 Verum
633 1627 819 1688 exciderunt
835 1627 976 1689 funditus
992 1642 1088 1704 supra
1104 1628 1163 1686 300
1180 1627 1293 1702 iugera

68 1730 234 1800 vinearum,
266 1737 443 1800 vastarunt,
474 1747 557 1806 quae
587 1732 619 1790 in
650 1746 728 1808 agro
757 1731 901 1806 reliquae
924 1732 1033 1808 fruges
1057 1746 1167 1790 omnes
1192 1735 1290 1799 erant,

68 1834 224 1908 plurimum
245 1833 344 1893 tritici
370 1841 401 1893 et
425 1850 556 1896 avenae.
600 1836 709 1896 Doluit
732 1835 812 1895 Daci
836 1835 1036 1912 Guollgango
1052 1835 1211 1908 Palatino,
1236 1841 1291 1914 qui

68 1937 161 2013 legato
176 1937 411 2014 Vogelspengio
435 1937 523 1997 ducit
538 1937 591 1996 llll
615 1939 752 2008 vexilla,
776 1934 879 1998 locum
903 1939 966 1998 sibi
989 1939 1021 1998 in
1045 1937 1197 2016 vineisb,
1222 1961 1290 2003 curn

67 2046 143 2100 extra
170 2042 260 2100 locus
289 2047 385 2100 esset.
439 2040 500 2100 Sed
530 2042 613 2102 Daci
650 2043 728 2102 italo
768 2057 881 2118 parere
910 2047 1039 2102 coactus
1071 2049 1127 2101 est.
1181 2045 1292 2106 Omnia

68 2143 140 2202 enim
160 2145 337 2220 praecipua
358 2159 489 2204 munera
513 2147 633 2206 obeunt
658 2145 727 2206 ltali
751 2153 782 2204 et
803 2145 949 2222 Hispani,
972 2147 1058 2220 quod
1080 2148 1199 2207 nostris
1223 2148 1291 2222 qui·

67 2245 125 2304 dem
147 2247 250 2316 dolet,
282 2249 338 2306 sed
369 2249 473 2306 laniat
503 2254 615 2308 tamen.
667 2249 834 2309 Exercitus
864 2265 964 2325 prope
987 2255 1073 2308 totus
1098 2257 1292 2310 convenerat

68 2347 124 2406 lllV
151 2351 256 2410 huius.
310 2351 483 2428 imperator
516 2351 644 2412 advenit
680 2351 814 2428 primum
843 2351 935 2411 llllll.
991 2352 1128 2412 Tandem
1159 2358 1291 2428 apertae

67 2460 164 2528 portae
192 2453 289 2514 militi
313 2460 401 2524 sunt,
426 2460 457 2516 et
479 2455 628 2514 militaris
651 2453 798 2516 custodia
819 2456 850 2515 in
874 2455 974 2514 iorum
999 2455 1162 2514 collocata.
1199 2453 1291 2514 Adeo

68 2573 129 2617 vero
157 2557 337 2618 exederant
367 2559 488 2626 omnia,
520 2563 556 2617 ut
585 2557 675 2618 cives
706 2561 805 2634 panes
833 2557 1003 2618 incastris
1035 2564 1186 2617 emerent.
1229 2557 1290 2618 Da-

68 2677 172 2731 mnum,
203 2659 289 2735 qnod
312 2665 520 2736 acoepenmt,
550 2661 629 2720 tanti
660 2661 794 2731 iaciunt,
825 2667 859 2720 nt
889 2661 996 2721 ditant
1024 2659 1128 2730 cives,
1162 2675 1198 2720 se
1227 2676 1289 2720 ma-

68 2811 152 2874 luisse
175 2815 303 2876 multari
327 2817 472 2896 centenis
495 2793 636 2876 millibus
660 2815 860 2899 ilprenorum.
894 2814 1002 2877 Vicini
1026 2832 1102 2875 vero
1124 2815 1201 2894 Pagi
1218 2775 1292 2878 liu.¹

67 2917 179 2988 penitas
204 2917 380 2992 despoliati
405 2925 496 2986 sunt,
520 2933 639 2991 pecora
661 2918 788 2986 abacta,
817 2899 919 2980 omnis
944 2919 1113 2993 suppellex
1136 2937 1206 2980 cum
1229 2920 1290 2981 sru-

67 3018 166 3080 mentis
199 3025 320 3099 erepta.
379 3019 446 3080 Non
483 3019 578 3082 aliter
605 3019 713 3104 lorum
749 3020 965 3082 instruxerunt
999 3021 1290 3096 suppellectilibus,

68 3123 197 3192 quamsi
221 3112 381 3203 in'media
404 3123 527 3197 ditione
543 3122 661 3193 ,hostili
684 3123 829 3182 luissent.
865 3124 941 3182 Cum
958 3130 1167 3198 quererentur
1189 3126 1291 3185 nostri

68 3221 210 3305 Ducibus,
235 3231 504 3300 causarenturque
528 3226 608 3286 haec
631 3232 740 3286 contra
763 3223 922 3300 promissa
940 3225 1028 3289 fieri:
1056 3226 1290 3300 respondebant
1391 3211 1393 3214 ⁵

67 3323 172 3388 Duces:
196 3328 402 3414 Adducantur
416 3327 545 3398 rustici,
569 3327 799 3413 indicentem,
824 3328 878 3403 qui
894 3343 930 3386 se
944 3327 1133 3404 spoliarunt,
1157 3343 1290 3402 suspen-

67 3426 163 3490 demus
187 3448 269 3510 eps,¹
288 3411 360 3494 ¹Sed
386 3415 462 3506 quid
485 3432 612 3492 miseris
638 3438 669 3490 et
693 3410 868 3508 oppressis'
891 3430 978 3492 aliud
1009 3447 1101 3506 quam
1125 3430 1234 3491 dolere
1259 3436 1291 3488 et

68 3530 136 3613 llere
155 3529 417 3608 relinquebatur?
453 3535 498 3596 lta
525 3532 620 3594 etiarn
647 3551 762 3612 pagum
775 3533 1093 3618 ¹Bornenhemensem
1109 3532 1140 3590 in
1158 3531 1292 3608 gratiam

68 3631 189 3712 hospitii
220 3637 425 3719 imperatorii
453 3643 553 3702 toturn
583 3635 800 3714 diripuerunt,
834 3633 1043 3720 arcemque²)
1078 3633 1175 3694 etiam
1209 3633 1290 3694 dire-

69 3741 141 3810 pturi
163 3741 308 3810 aderant,
336 3757 407 3828 cum
431 3740 780 3820 imperator‘abiissem
811 3739 868 3798 sed
898 3745 1006 3799 noster
1037 3737 1211 3800 retinuerat
1234 3737 1290 3796 ali-

69 3831 135 3914 quot
163 3861 205 3921 ex
230 3843 426 3930 sptellitibus
450 3844 672 3922 imperatoris,
704 3843 869 3903 Germanis
894 3847 925 3900 et
950 3841 1117 3916 Hispanis,
1147 3839 1290 3900 humani-

69 3950 169 4022 terquc
188 3953 397 4018 tractaverat,
421 3950 534 4008 horum
556 3948 647 4008 iussu
670 3945 850 4032 bombardis
874 3945 1037 4021 persuasit
1060 3944 1125 4005 illis
1149 3943 1290 4018 direpto*

69 4049 161 4121 ribus,
190 4059 223 4115 at
245 4053 386 4136 abirent,
417 4057 586 4128 postquam
609 4065 666 4112 sex
690 4065 730 4109 ex
754 4048 821 4110 illis
845 4048 1047 4111 cecidissent.
1094 4048 1139 4108 lta
1164 4052 1291 4107 servata

70 4167 117 4211 arx
137 4153 205 4216 eius
229 4161 286 4218 est.
323 4155 457 4232 'Tamen
489 4151 797 4234 praestantissimum
827 4151 962 4236 lectum,
991 4151 1023 4210 in
1054 4167 1115 4224 quo
1139 4146 1292 4224 Magister

69 4255 151 4334 aulae
178 4256 405 4341 imperatoriae
428 4256 623 4328 dormierat,
653 4255 853 4314 abstulerunt
878 4260 905 4311 el
931 4253 1054 4315 reculas
1085 4253 1208 4328 aliquot
1238 4253 1290 4324 qb-

70 4358 139 4420 vias.
180 4361 320 4446 Propter
341 4360 467 4425 excisas
489 4359 602 4423 vineas
633 4357 777 4439 damnum
807 4356 859 4416 liic
888 4355 1006 4417 nobilis
1038 4356 1163 4432 accepit
1185 4357 1290 4421 maius

71 4477 258 4493 Ἢ

146 4548 168 4612 l)
190 4550 221 4602 ti.
240 4550 258 4603 l.
277 4549 390 4602 verbam
409 4547 544 4614 quoddam
563 4545 660 4598 deesse
679 4545 802 4608 videtur,
822 4544 954 4597 fortasse:
974 4543 1172 4630 „apoignarl‘b

144 4634 168 4698 2)
191 4635 258 4700 Scia·
271 4636 407 4688 Electoris
425 4636 516 4689 Goion.
