3120 5206
562 1635 926 1751 PRAEFATIO.

222 2282 267 2356 In
294 2283 362 2372 hoc
388 2307 496 2382 opere
523 2285 634 2358 offero
661 2283 708 2358 ad
735 2283 876 2384 Corpus
895 2283 1186 2360 Reformatorum
1213 2284 1363 2382 supple-

113 2429 262 2509 menta,
300 2444 393 2521 quae
430 2423 507 2496 fere
543 2445 609 2520 per
644 2421 850 2520 quindecim
877 2447 990 2499 annos
1025 2421 1178 2517 collegi,
1216 2429 1254 2496 at
1289 2444 1362 2494 non

117 2558 255 2645 omnia,
285 2580 378 2654 quae
412 2559 450 2631 in
476 2566 643 2656 promptu
669 2559 798 2647 habeo,
837 2560 902 2635 sed
929 2584 974 2636 ee
1000 2569 1153 2647 tontum,
1194 2581 1288 2655 quae
1315 2559 1362 2634 ad

116 2699 262 2796 priores
288 2720 417 2774 novem
444 2705 560 2772 tomos
595 2705 633 2771 et
658 2697 878 2798 principium
905 2699 1036 2775 decimi
1069 2697 1271 2798 pertinent,
1314 2721 1361 2771 ne

114 2838 356 2935 plagulerum
395 2860 568 2913 numerus
603 2837 719 2912 maior
756 2839 939 2915 reddatur.
998 2839 1229 2914 Exhibentur
1264 2837 1360 2912 enim

1 3065 2 3072 ἵ
112 2998 234 3072 aeque
278 3000 322 3052 ac
354 2977 392 3051 in
419 2978 496 3053 illis
523 2975 694 3076 Corporis
720 2979 967 3054 voluminibus
994 2979 1183 3076 epistolae,
1211 2976 1357 3065 iudicia,

112 3115 284 3203 consilia,
313 3115 522 3192 testimonia
549 3125 586 3191 et
613 3117 690 3190 alia
715 3117 831 3204 varia,
873 3140 967 3212 qnae
994 3116 1073 3190 illie
1097 3116 1234 3190 omissa
1260 3125 1355 3191 sunt.

204 3291 393 3379 Libenter
426 3293 560 3380 fateor,
594 3316 652 3370 roe
683 3301 822 3368 tantam
849 3293 1010 3390 copiam,
1045 3299 1189 3388 quanta·
1216 3290 1254 3364 in
1289 3289 1357 3364 hoc

109 3453 224 3528 opere
252 3431 402 3506 offertur
438 3432 527 3527 (585
555 3432 660 3528 mn),
695 3454 769 3506 non
801 3432 977 3528 colligere
1010 3430 1190 3528 potuisse,
1225 3427 1299 3502 nisi
1333 3450 1357 3499 a

110 3567 242 3642 multis
276 3569 367 3644 viris
398 3569 614 3645 clarissimis
657 3571 952 3668 venerandisque
993 3570 1170 3646 benevole
1208 3566 1355 3642 adiutus

108 3729 245 3794 ensem,
274 3707 336 3802 qni
363 3716 426 3784 aut
441 3705 606 3797 Codices,
634 3708 672 3784 in
700 3702 833 3805 quibus
860 3695 1039 3809 epistolae
1065 3706 1224 3784 ineditae
1250 3707 1354 3784 inve-

1 3870 2 3875 *
107 3844 275 3932 niuntur,
303 3855 366 3922 ant
391 3845 605 3943 apographa
629 3846 850 3924 ineditorum
862 3848 1100 3945 epistolarum
1126 3847 1353 3942 aliorumque

108 3982 329 4080 scriptorum
356 3983 403 4058 od
428 3985 700 4074 meminerunt,
729 3996 794 4062 ant
819 3987 934 4062 libros
959 3984 1178 4073 indicarunt,
1206 3983 1244 4058 in
1271 3984 1351 4080 qni-

106 4123 180 4198 bns
207 4121 338 4198 literae
362 4131 520 4212 exstant,
538 4145 631 4220 quae
646 4121 778 4200 Virum
794 4111 943 4200 'summe
952 4123 1200 4216 venerandum
1226 4123 1351 4199 Bret-

107 4259 464 4350 schneidorum‚
501 4262 674 4338 editorem
707 4264 855 4338 illorum
882 4261 1052 4361 Corporis
1078 4271 1266 4350 tomorum,
1292 4264 1351 4336 fu-

105 4407 255 4502 gerant.
317 4397 545 4500 Quapropter
577 4423 649 4478 non
677 4425 827 4501 possum
864 4402 952 4499 quin
991 4401 1138 4498 publice
1171 4400 1350 4478 maximas

105 4559 221 4637 agam
244 4537 387 4633 mos
413 4540 472 4618 nn
496 4540 733 4620 adiutoribus.
