3120 5206
212 299 256 370 bo
604 315 850 367 surnnnusuux
870 315 952 366 sunu
974 315 1049 368 reso.

213 491 278 534 rem
301 472 455 541 oonsilio,
479 470 696 544 promotione,
728 477 758 528 et
781 471 903 530 auxilio
928 471 1056 540 iuvare,
1092 475 1124 528 et
1146 483 1290 545 magnum
1316 467 1444 543 aliquod

212 578 402 636 beneficium
432 577 619 633 Caesareum
651 573 767 631 addere
798 571 865 631 tilio
896 585 984 639 meo,
1025 571 1109 644 qrrod
1131 571 1319 630 beneficium
1343 572 1444 630 dictus

213 678 345 746 Hanart,
374 693 426 735 ma
449 676 529 734 nihil
553 681 700 749 petente,
732 673 821 733 iuxta
843 672 1000 748 sigillatas
1028 671 1157 741 literas,
1192 687 1269 746 quas
1292 689 1355 732 nna
1379 685 1444 732 cum

212 779 421 840 lustrnotione
444 777 569 836 illorum
592 773 807 834 mandatorum
831 775 933 833 adbuc
957 787 1055 848 penes
1073 789 1124 832 me
1138 771 1260 842 babeo,
1286 773 1444 848 exposuit.

297 882 373 940 Cum
395 886 501 938 autem
524 878 612 936 iuxta
634 877 688 934 dei
711 876 905 935 voluntatem
927 877 994 934 filio
1019 891 1090 935 meo
1114 876 1284 952 eontigerit
1305 893 1387 936 uxor
1410 877 1445 936 D.

212 983 350 1058 Sibylla,
373 981 441 1041 filia
454 979 551 1040 Dnois
569 979 755 1037 iuliacensis
772 986 812 1036 ,et
827 978 991 1037 blerensis
1015 977 1228 1054 primogenita
1253 993 1322 1038 oum
1337 977 1445 1036 tinius-

212 1087 298 1146 modi
327 1084 429 1159 paatis
459 1080 634 1148 dotalibus,
671 1095 752 1153 quae
784 1097 853 1139 oum
881 1080 989 1140 debita
1026 1080 1205 1140 reverentia
1234 1083 1323 1140 Caes.
1348 1080 1387 1138 M.
1412 1079 1446 1137 V.

213 1189 456 1249 deelaravimus:
481 1191 512 1244 et
534 1183 620 1242 tilius
645 1198 733 1240 meus
758 1200 827 1240 oum
849 1197 1044 1251 uxorema,
1070 1189 1101 1241 et
1125 1199 1185 1259 ago
1209 1191 1353 1258 petamus
1373 1198 1446 1242 oon·

212 1290 422 1351 firmationem
444 1306 463 1346 a
485 1288 517 1346 d.
542 1287 578 1344 M.
601 1285 636 1342 V.
663 1284 732 1342 sine
756 1285 889 1344 aliorum
918 1284 1134 1358 praeiudicio,
1170 1286 1198 1344 si
1223 1286 1277 1360 qui
1300 1293 1446 1360 praeten-

213 1396 287 1454 dant
309 1409 345 1452 se
367 1393 416 1450 ius
441 1391 578 1455 babere,
603 1387 865 1459 quemadmodum
885 1392 979 1445 antea
1002 1393 1033 1444 et
1053 1403 1155 1461 nuper
1176 1388 1207 1447 in
1229 1388 1360 1447 lnsbruk
1373 1393 1448 1461 past

213 1497 381 1557 adveutum
404 1495 434 1552 d.
459 1492 495 1550 M.
517 1489 552 1547 V.
576 1505 635 1563 per
657 1489 873 1547 consiliarium
896 1505 998 1548 meum
1024 1489 1171 1549 loannem
1193 1489 1322 1548 Daltzik
1351 1489 1449 1548 etiam

213 1601 245 1658 in
275 1596 404 1678 seriptis
434 1593 614 1669 petivimus.
671 1591 786 1649 lterum
816 1607 885 1648 eum
916 1607 1035 1650 summa
1071 1591 1251 1650 reverentia
1283 1607 1380 1666 roge,
1415 1597 1449 1649 ut

214 1703 245 1761 C.
269 1702 306 1760 M.
331 1700 365 1758 V.
389 1699 560 1756 elementer
585 1693 659 1774 velit
683 1693 887 1752 considerare
912 1693 984 1752 illas
1009 1709 1120 1754 causas
1143 1694 1309 1761 recitatas,
1333 1701 1367 1751 et
1385 1689 1449 1754 ole-

212 1803 411 1864 mentissima
434 1798 608 1874 promissa,
639 1802 670 1854 et
693 1795 882 1869 multiplicia
906 1801 937 1854 et
960 1795 1070 1856 fidelia
1093 1797 1249 1870 obsequia
1272 1797 1379 1856 barum
1405 1795 1417 1853 1
1438 1829 1449 1840 ·

212 1907 370 1966 miliarum
385 1883 543 1961 Saxoniae
556 1896 597 1979 ¹),
624 1898 810 1956 lubecensis
835 1903 865 1955 et
884 1898 1069 1966 Gleveusis,
1094 1905 1126 1958 et
1149 1899 1189 1958 de
1209 1899 1450 1960 confirmatione

215 2009 270 2067 illa
292 2005 444 2065 dotalium
466 2007 627 2076 pactorum
652 2000 1052 2073 elementerrespondere,
1078 2000 1339 2073 qrtemadmodum
1355 2006 1452 2058 antea

214 2126 304 2186 spem
327 2105 466 2168 ostendit
489 2119 524 2162 se
548 2117 773 2176 responsurum
796 2116 879 2190 esse.
926 2102 1009 2160 ldem
1032 2120 1110 2178 rogo
1136 2109 1166 2160 et
1177 2101 1201 2182 ²)
1235 2103 1275 2161 de
1296 2101 1450 2162 nundinis

215 2214 246 2274 in
271 2211 389 2286 oppido
413 2224 485 2266 meo
512 2205 628 2265 Gottha
651 2204 889 2272 confirmandiS,
920 2221 989 2263 anm
1013 2220 1104 2264 nemo
1137 2205 1206 2263 iure
1230 2204 1321 2279 queri
1345 2205 1451 2278 possit
1489 2215 1496 2228 ¹

215 2314 247 2373 id
271 2331 339 2373 oum
363 2329 420 2371 sno
445 2308 644 2385 praeiudicio
668 2307 755 2375 fieri,
792 2306 1053 2380 quemadmodum
1084 2308 1115 2365 in
1139 2308 1326 2366 lnsbrrrbti.
1350 2307 1389 2364 M.
1412 2306 1451 2364 V.

215 2434 256 2478 ex
286 2415 414 2491 seriptis
446 2412 606 2472 intellexit
636 2427 747 2469 causas
778 2408 865 2467 illius
895 2408 1037 2483 Ernporii
1068 2410 1263 2468 instituendi.
1318 2410 1368 2469 De
1397 2409 1452 2467 his

215 2521 309 2581 rebus
340 2536 413 2586 oro,
448 2522 482 2575 ut
513 2512 605 2574 CM.
630 2512 664 2569 V.
698 2519 844 2584 tanquam
875 2511 1020 2570 dominns
1056 2527 1144 2570 meus
1179 2510 1452 2570 elementissimus

214 2622 353 2698 benigne
377 2617 586 2690 respondeat,
622 2613 882 2687 quemadmodum
913 2613 1037 2675 confido
1061 2615 1093 2672 C.
1117 2613 1154 2672 M.
1177 2615 1213 2671 V.
1240 2613 1343 2672 simili
1374 2627 1454 2690 erga

215 2741 265 2783 me
289 2721 459 2784 elementia
480 2725 576 2793 atque
597 2716 794 2792 benignitate
814 2733 940 2775 usuram
955 2731 1047 2784 esse,
1071 2717 1153 2776 siout
1168 2717 1294 2776 Clariss.
1310 2717 1453 2776 Maiores

216 2828 246 2885 G.
271 2826 309 2885 M.
332 2825 368 2882 V.
393 2835 519 2896 semper
543 2835 619 2894 erga
641 2833 691 2876 me
714 2818 765 2876 usi
789 2824 869 2877 sunt.

302 2926 391 2996 Quod
414 2930 518 2983 antem
539 2923 569 2980 o.
586 2923 623 2980 M.
639 2921 675 2978 V.
699 2920 846 2980 difficilia
869 2922 1022 2995 quaedam
1045 2921 1206 2997 postulata
1229 2923 1269 2981 de
1291 2923 1456 2998 religione

215 3030 294 3089 mihi
319 3029 438 3103 exponi
460 3026 552 3093 feeit,
576 3024 635 3083 scit
652 3025 682 3083 C.
700 3024 736 3082 M.
751 3025 804 3092 V.,
830 3024 913 3098 quod
934 3041 1000 3092 me,
1025 3026 1199 3100 etquidem
1220 3026 1317 3085 simili
1333 3026 1456 3097 edicto,
1555 3031 1556 3096 j

216 3132 300 3207 quod
323 3132 363 3190 ad
385 3129 573 3206 religionem
598 3129 726 3195 attinet,
756 3126 943 3203 siontalios
968 3135 1068 3187 status
1090 3128 1232 3197 vocavit,
1261 3127 1387 3188 scilieet
1421 3136 1457 3189 nt
1555 3143 1556 3196 1

216 3239 248 3294 in
271 3237 331 3294 hoo
355 3239 512 3293 conventu
536 3229 791 3290 dissensionibus
816 3236 849 3287 et
872 3230 1086 3290 simultatibus
1111 3231 1288 3305 depositiS‚
1313 3238 1346 3289 et
1361 3247 1458 3305 preo-

215 3339 320 3398 teritis
344 3337 454 3396 erratis
480 3335 604 3394 Christo
630 3334 782 3392 salvatori
805 3339 914 3392 nostro
939 3333 1128 3393 condonatis
1149 3334 1197 3392 sio
1220 3339 1387 3409 ageretur,
1422 3343 1457 3396 nt

216 3457 325 3502 omnes
353 3438 606 3518 uniuscuiusque
636 3437 805 3510 opiniones
837 3441 868 3492 et
898 3437 1078 3494 sententiae
1108 3437 1193 3495 inter
1220 3453 1277 3512 uos
1309 3435 1341 3494 in
1372 3437 1457 3497 ceri·

119 3528 121 3533 ’
216 3549 281 3604 tate
304 3550 335 3602 et
357 3539 600 3602 mansuetudine
624 3545 730 3597 mutua
752 3538 952 3606 audirentur,
977 3538 1244 3614 intelligerentur.
1276 3543 1308 3596 et
1332 3551 1458 3613 expen-

216 3645 379 3712 derentur,
404 3651 437 3702 et
458 3643 496 3702 ad
519 3657 613 3702 unam
636 3641 841 3700 christianam
863 3641 1031 3700 veritatem
1054 3640 1283 3716 redigerentur.

302 3744 403 3814 Quare
426 3750 458 3802 et
483 3759 543 3818 ego
568 3750 600 3801 et
622 3741 679 3802 alii
703 3742 831 3816 qnidam
861 3741 1026 3817 Principes
1057 3750 1090 3802 et
1117 3741 1283 3810 civitates,
1317 3748 1352 3800 ut
1376 3743 1456 3802 obe-

216 3847 354 3906 diremus
378 3846 427 3904 illi
451 3845 556 3904 edicto
580 3851 610 3904 et
635 3844 852 3928 propositioni
875 3845 906 3904 C.
931 3845 967 3904 M.
990 3845 1028 3903 V.
1060 3846 1162 3905 laetae
1193 3843 1287 3903 initio
1312 3857 1457 3906 oouvau-
1554 3913 1555 3928 χ

216 3956 283 4017 tus,
308 3945 509 4010 exhibuimus
534 3948 565 4006 C.
580 3945 617 4004 M.
637 3946 669 4004 V.
696 3964 765 4005 eum
789 3946 897 4006 debita
920 3947 1104 4021 reverentia
1126 3945 1158 4006 in
1182 3951 1315 4018 utraque
1329 3945 1457 4022 lingua,

216 4051 313 4110 latina
337 4055 367 4108 et
391 4049 572 4123 germanica
594 4048 749 4107 rationem
773 4055 804 4108 et
828 4048 1078 4118 confessionem,
1114 4065 1176 4122 quo
1200 4045 1292 4105 modo
1323 4046 1353 4106 in
1379 4063 1458 4109 mea

216 4150 354 4219 ditione,
389 4156 422 4208 et
451 4148 577 4208 illorum
608 4151 782 4210 ditionibus
817 4151 984 4221 doceatur,
1024 4159 1056 4210 et
1087 4149 1347 4224 quemadmodum
1377 4165 1456 4210 oon-

216 4252 381 4322 veniebat‚
405 4251 650 4333 subscripsimus
674 4254 723 4312 illi
746 4255 950 4316 comessioni.

306 4475 330 4540 l)
350 4473 521 4540 Saxoniae‚]
541 4476 581 4527 sio
601 4474 666 4528 (iod.
685 4481 712 4525 at
732 4474 865 4537 Goelest.;
885 4475 992 4541 (ligant
1011 4471 1174 4538 saxonicae,

304 4578 331 4641 2)
358 4579 396 4644 et]
417 4580 457 4630 sio
477 4578 569 4644 Ghytr.
589 4586 615 4629 et
635 4578 768 4640 Goelest.;
787 4579 868 4632 Godz
886 4587 914 4630 vl
