3072 5208
210 263 278 356 ii!
611 280 954 344 murmurantum
977 286 1053 340 rme.

295 439 457 511 Adversus
487 439 569 512 tales
601 435 784 514 sophistas,
822 437 854 498 in
885 436 981 500 tantis
1018 438 1172 514 pericniis
1204 447 1361 506 extremes
1387 457 1431 500 se·
1522 493 1523 512 2

213 549 325 610 uectae
348 541 472 612 mrrndi,
509 543 652 618 prolecto
684 538 854 617 diligentia
887 547 918 600 el
950 542 1241 620 circunspectione
1272 562 1349 620 optus
1380 551 1433 612 est,

214 663 252 712 ne
277 653 309 706 el
332 647 412 715 ilaec
436 661 517 720 qriate
540 643 604 706 iam
628 642 775 710 restituis
801 651 891 713 stult,
924 645 1015 713 novis
1048 627 1235 723 praestigiis
1266 650 1435 714 obruantur,

213 757 245 810 et
268 766 307 809 ne
320 746 341 825 ¹)
362 749 423 809 hoc
439 749 587 824 exemplo
606 749 828 826 confirmentur
845 748 1023 825 petulantia
1040 750 1184 826 ingenia,
1209 766 1294 826 qnae
1311 750 1435 812 libenter

213 869 323 930 oppres
348 851 526 928 religiones
550 851 694 920 miscent.

299 953 444 1028 (iminium
466 955 616 1023 virtutum
641 955 737 1030 louge
762 954 899 1019 unanima
924 962 988 1024 est,
1025 954 1228 1031 maximeque
1251 959 1437 1026 rienessaria,

216 1073 289 1118 vera
312 1059 373 1120 Dei
397 1058 573 1118 invocatio:
608 1073 691 1132 qliae
719 1065 769 1121 est
798 1056 912 1130 rectrix
947 1057 1086 1122 ornninm
1110 1059 1325 1136 periculorum
1349 1060 1437 1128 vitae,

215 1167 245 1231 ei
270 1161 359 1238 radin
382 1169 577 1230 caeterarum
600 1159 770 1230 virtutum,
804 1169 837 1220 et
860 1161 1060 1238 praesidinm
1091 1163 1123 1228 in
1157 1165 1217 1226 hae
1239 1163 1367 1226 miseria
1389 1165 1438 1224 llu-

214 1281 305 1340 mgna
329 1265 545 1341 praecipuum.
599 1263 698 1331 Huius
729 1264 857 1326 uirtutis
889 1263 1066 1328 doctrinam
1099 1268 1164 1327 vult
1187 1268 1275 1334 Deus
1306 1266 1440 1332 omnibus

215 1365 396 1431 horninibus
420 1366 622 1442 notissimam
646 1383 719 1438 esse
730 1363 770 1447 ²),
803 1375 834 1428 et
857 1369 980 1430 servari
1005 1361 1230 1444 incorruptum.
1265 1369 1371 1434 Facile
1392 1388 1440 1430 an-

215 1477 279 1530 tem
303 1469 449 1530 dees-rant
479 1472 638 1531 humanae
662 1477 783 1530 mentes
807 1490 824 1530 n
847 1470 933 1530 Deo:
958 1478 990 1530 et
1019 1470 1050 1531 in
1082 1489 1175 1546 quum
1203 1479 1305 1534 tetros
1328 1473 1442 1534 furores

216 1577 323 1646 ruunt,
349 1579 517 1648 postauam
541 1574 642 1637 semel
666 1571 825 1649 impulsae
848 1572 970 1636 diaboli
995 1572 1123 1648 laqueis
1147 1581 1311 1644 tenentur,
1346 1581 1441 1636 osten-

216 1675 293 1748 duni
308 1673 410 1744 idola,
435 1682 467 1747 et
484 1673 661 1751 perniciosi
682 1690 807 1746 errores
827 1674 968 1740 omnium
985 1676 1168 1745 seculorum
1186 1684 1282 1752 alque
1302 1684 1442 1742 aetatum.

301 1775 375 1851 Ideo
398 1796 460 1850 pon
485 1779 722 1850 concedendum
746 1786 812 1848 est,
843 1787 878 1840 ut
901 1779 1047 1852 homines
1072 1777 1239 1856 Epicurei,
1270 1788 1325 1842 sinit
1349 1779 1445 1858 ignari

218 1879 383 1945 doctrinae
407 1883 576 1952 coelestis,
601 1889 633 1946 et
656 1901 716 1942 non
742 1889 886 1948 ornantes
911 1883 1097 1954 veritatem,
1122 1891 1155 1949 et
1180 1883 1319 1952 studiosi
1344 1883 1443 1962 sopiri-

218 1982 334 2054 stices,
360 1985 400 2044 de
424 1985 473 2046 his
498 1984 728 2048 controversiis
752 1975 967 2063 pronuntient.

304 2086 454 2151 dedicet
483 2087 618 2164 alionis:
659 2088 790 2152 [iuliane
821 2087 992 2165 patiemini
1023 2088 1160 2160 indicia,
1198 2091 1317 2154 nullam
1347 2089 1444 2167 cogni-

220 2187 364 2259 tionem?
410 2190 473 2252 lmo
496 2210 556 2266 pon
582 2192 779 2261 dubitemne,
809 2194 947 2260 ruernluru
977 2207 1071 2254 uerae
1101 2191 1269 2256 Ecclesiae
1292 2192 1355 2256 Dei
1384 2211 1446 2270 pas-

220 2291 336 2362 simin
361 2301 426 2358 tolo
451 2296 527 2356 orbe
551 2302 722 2366 terrarum,
751 2313 814 2371 niro
839 2293 975 2372 perferri
997 2293 1144 2366 doctrina
1168 2295 1285 2372 potuit,
1310 2295 1447 2371 quotidie

219 2394 374 2474 iudicium
397 2394 538 2479 tacerc³i
568 2398 608 2457 de
637 2397 796 2468 doctrina,
828 2405 859 2464 et
890 2396 979 2466 mntti
1011 2415 1101 2463 snam
1119 2399 1326 2468 senteutiam
1350 2399 1446 2458 decia-

221 2507 304 2571 runl‚
340 2498 397 2575 oon
422 2507 455 2560 ut
480 2507 634 2574 testentur
658 2517 694 2566 se
721 2505 855 2578 probare
885 2504 967 2566 hane
989 2501 1184 2572 doctrinam,
1215 2502 1446 2569 corilessionem

222 2603 292 2678 eius
317 2604 404 2666 vitae
427 2620 505 2665 snae
517 2601 542 2688 ⁴)
568 2613 773 2682 anteponunt.

307 2705 374 2774 Non
406 2704 506 2784 igitur
527 2708 643 2773 desunt
665 2708 790 2771 indices
815 2715 848 2768 et
872 2714 972 2778 testes
996 2715 1125 2778 nostrae
1156 2709 1347 2777 sententiae.
1401 2710 1448 2768 At·

223 2827 284 2885 que
306 2809 429 2885 utipmn
459 2811 498 2874 de
529 2810 581 2872 his
612 2811 707 2878 tantis
739 2816 849 2881 cebris,
888 2829 966 2887 ques
996 2809 1149 2882 uniuerso
1180 2812 1293 2888 generi
1323 2814 1450 2874 hulllanu

222 2912 406 2974 notissimas
432 2929 504 2984 esse
527 2917 711 2990 oportebat,
744 2915 776 2976 in
799 2914 920 2986 iudicio
944 2930 1019 2974 vere
1044 2911 1269 2986 ecclesiastico
1292 2931 1451 2990 possemus

223 3022 348 3084 nostras
370 3015 547 3086 sententias
581 3032 650 3078 cum
673 3017 752 3080 viris
784 3015 902 3089 doctis,
934 3015 1118 3089 timentibus
1147 3017 1265 3088 neunt,
1296 3022 1328 3082 et
1357 3033 1450 3079 miran-

222 3121 308 3187 tibus
338 3119 521 3196 veritatem,
552 3121 703 3192 copierre.
765 3121 825 3182 Cur
856 3124 961 3188 alitem
993 3116 1063 3178 eius
1097 3118 1213 3194 spnodi
1243 3118 1452 3195 cognitionem
1525 3155 1526 3206 3

225 3228 466 3302 expeteremus,
499 3221 531 3294 in
562 3241 624 3298 nora
653 3241 713 3284 non
745 3224 847 3294 solum
880 3239 937 3282 nos
970 3238 1031 3283 non
1061 3221 1243 3293 audiemur,
1274 3219 1331 3286 sed
1365 3219 1452 3284 eliam
1525 3235 1526 3240 ¹

224 3329 298 3402 aliis
312 3333 401 3400 recte
416 3322 630 3394 sentientibus
642 3325 772 3398 libertas
786 3325 941 3398 dicendae
953 3323 1134 3399 conterritae
1147 3323 1232 3392 nulle
1245 3317 1451 3390 concedetur?

309 3430 471 3491 Postremo
503 3435 536 3489 et
565 3430 628 3490 loei
657 3427 802 3503 periculo
840 3428 924 3491 iuste
955 3442 1133 3501 movemur,
1170 3425 1225 3488 nbi
1262 3443 1330 3492 cirin
1362 3423 1453 3492 nostri

225 3540 291 3602 tuto
317 3533 456 3604 uersari,
489 3533 677 3608 praesertim
702 3530 821 3604 emissa
844 3531 952 3608 aliqua
976 3530 1078 3606 iibere
1103 3545 1198 3597 uuae,
1229 3548 1291 3594 uou
1320 3533 1453 3606 possent,

225 3638 303 3708 sotis
329 3635 472 3708 exornati
498 3652 622 3704 suanus,
647 3637 836 3712 quominus
862 3635 900 3703 ad
923 3650 994 3697 cum
1018 3635 1122 3705 locutu
1147 3632 1346 3706 accedamus.

312 3739 425 3800 Extant
449 3745 480 3798 et
503 3744 613 3800 vetera
636 3747 667 3800 et
693 3742 823 3815 probata
853 3739 1002 3813 exemplu
1032 3743 1213 3809 solidorum
1235 3743 1375 3811 notrum,
1407 3731 1454 3809 udi

226 3842 370 3920 Synodos
401 3841 606 3918 defugerent,
640 3859 816 3918 qiranquam
848 3839 1018 3901 autoritate
1049 3856 1168 3898 srnmna
1201 3836 1356 3908 indictas,
1392 3853 1454 3896 cnm

226 3947 466 4022 suspicabantur
497 3963 559 4005 non
587 3947 648 4004 hoc
679 3945 730 4022 agi
763 3951 795 4004 ut
821 3942 939 4004 veritas
970 3945 1156 4030 papteiierpt,
1189 3941 1243 4013 sed
1277 3949 1311 4014 pt
1343 3939 1453 4017 stibili-

227 4057 311 4111 retnr
335 4057 384 4111 aru
411 4048 569 4126 tyranniS,
594 4055 647 4109 alit
672 4048 800 4122 impium
825 4047 956 4123 ollonae
978 4048 1103 4125 dogula·

313 4154 485 4230 Imperator
516 4153 741 4214 Constantinus
777 4152 882 4212 edicto
921 4152 1098 4211 luculenter
1130 4156 1161 4209 et
1193 4165 1306 4209 severe
1344 4145 1453 4222 scripto

313 4321 338 4385 1)
364 4330 390 4373 et
409 4323 454 4388 ne]
474 4321 621 4372 socient:
648 4337 698 4370 nec

207 4449 212 4455 .
312 4407 339 4472 2)
367 4409 538 4462 notissimam
559 4407 649 4473 osae‚i
670 4406 817 4462 acetosa:
843 4405 1093 4468 consuetissimum

314 4493 340 4557 3)
366 4492 469 4560 facore]
489 4492 636 4544 scotland:
658 4492 727 4542 terre

314 4581 341 4642 l)
366 4581 438 4632 vitae
458 4578 536 4645 eltae]
556 4578 704 4632 Suelleni:
726 4595 790 4630 suae
812 4581 883 4632 uitae
