3072 5208
477 355 723 411 snnrrnnumx
742 355 824 408 xxm
846 357 921 410 1545.
1249 337 1317 408 223

105 537 182 594 qnam
211 517 395 579 consolandi
427 515 472 575 tui
504 533 599 576 causa
629 505 710 573 dico.
765 511 836 574 Nisi
865 511 949 572 enirn
981 529 1020 572 ex
1051 513 1110 573 hac
1141 515 1318 575 turbulenta

104 621 296 683 concussione
319 620 439 696 aliquid
458 620 551 679 huius
564 616 588 702 ¹)
614 618 808 677 exoriturum
832 631 1013 691 sperarem,
1038 618 1135 677 multo
1152 616 1317 678 acerbiore

103 727 174 785 luctu
202 727 381 785 conficcrer.
435 722 619 797 Quanquam
648 719 770 780 exitum
805 717 909 794 quieti
948 728 1155 795 expectemus
1192 722 1318 796 qualem

102 829 165 888 dare
185 827 336 889 Dominus
353 827 455 886 volet:
479 824 603 886 interea
622 842 747 885 cursum
764 829 904 884 nostrum
920 822 1064 884 infractis
1079 823 1194 885 animis
1210 839 1317 900 perse-

103 948 224 1004 quemur.
257 931 306 991 De
330 945 485 1005 responso
511 935 564 988 tuo
580 945 725 1004 magnam
743 925 802 985 tini
818 925 920 986 habeo
936 925 1087 1002 gratiam,
1112 925 1205 986 simut
1223 921 1318 986 etium

102 1035 134 1091 de
161 1032 353 1093 humanitate
383 1051 445 1092 non
476 1030 616 1108 vulgari,
648 1047 738 1105 quem
769 1027 833 1099 sibi
862 1030 918 1088 abs
948 1036 980 1088 te
1011 1029 1187 1090 exhibitam
1217 1030 1318 1090 fuisse

102 1135 236 1194 Claudius
260 1133 339 1193 mihi
362 1139 504 1193 testatur.
528 1157 532 1163 ¹
556 1129 665 1202 Qualis
690 1146 766 1208 erga
789 1145 839 1189 me
862 1131 986 1190 futurus
1017 1147 1107 1191 esses
1137 1129 1211 1190 inde
1246 1147 1317 1190 con-

101 1239 239 1298 iecturam
261 1238 345 1298 facio
371 1235 454 1312 qnod
477 1252 567 1295 meos
591 1241 654 1294 tom
676 1220 815 1310 benigne
839 1233 1036 1308 comiterque
1054 1232 1207 1311 accipias
1250 1237 1319 1295 Deo

101 1349 193 1402 antem
217 1341 368 1402 maximas
392 1339 511 1417 gratias
535 1352 631 1414 ogere
654 1355 715 1396 non
740 1335 870 1405 desino,
901 1336 957 1411 qui
987 1335 1092 1407 dedit,
1123 1346 1157 1398 ut
1186 1337 1217 1397 in
1249 1337 1320 1397 eius

13 1487 15 1508 ,
103 1442 286 1517 quaestionis
311 1459 447 1511 suanno,
471 1441 511 1498 de
535 1457 596 1514 quo
621 1435 725 1516 rogati
749 1452 873 1497 eramus
897 1437 1079 1498 sententiae
1105 1446 1232 1500 nostrae
1248 1459 1320 1500 con-

13 1549 14 1552 ’
102 1554 244 1622 gruerent.
301 1544 442 1605 Tametsi
474 1545 559 1602 enim
590 1541 755 1614 paulurum
784 1547 833 1599 est
864 1540 1058 1630 discriminis
1090 1543 1121 1603 in
1151 1541 1319 1619 partientis

104 1650 290 1722 quibusdem,
312 1648 352 1706 de
376 1664 408 1706 re
433 1655 535 1706 tarnen
561 1646 631 1720 inse
655 1634 777 1719 optime
801 1639 884 1702 inter
909 1664 966 1704 nos
992 1645 1150 1704 convenit.
1183 1647 1221 1706 28
1241 1646 1322 1706 lunii

104 1751 133 1810 ii.
154 1751 187 1812 D.
215 1752 302 1812 XLV.
798 1749 801 1756 ’

604 1872 808 1880 w

104 1993 162 2053 285.
195 1996 247 2052 No.
264 1990 374 2054 3209).
420 1995 495 2068 (Vol.
510 1996 545 2049 V.
569 2013 595 2066 p.
616 1989 703 2070 780.)
1006 2052 1009 2060 ,
1196 1995 1244 2052 30.
1256 1997 1323 2054 dun.

103 2151 266 2223 Atbertue
283 2152 373 2222 Dux
390 2152 568 2220 Prooeiae
592 2147 643 2218 ad
658 2145 986 2219 Metanctttonem
1006 2157 1043 2217 et
1060 2078 1324 2224 camerffm

163 2286 234 2335 Hanc
259 2271 420 2353 epistolem,
445 2299 525 2348 quam
551 2283 670 2334 nondum
694 2283 767 2343 vidi,
799 2288 930 2333 memoret
955 2281 1028 2332 Max.
1049 2283 1178 2352 Toeppen
1204 2286 1231 2335 in
1257 2286 1325 2336 libro

196 2389 260 2425 suo:
281 2373 335 2423 Die
354 2371 517 2435 Grttnduny
536 2372 590 2420 der
609 2369 798 2420 Universttdt
817 2385 855 2418 zu
876 2369 1057 2436 Kontqsderq
1076 2373 1138 2421 eod
1155 2374 1207 2422 das
1227 2375 1325 2424 Leton

194 2461 275 2509 ttres
301 2460 403 2507 ersten
423 2455 673 2519 RectoroGeorq
691 2455 827 2506 Sabinus.
857 2453 1010 2519 (nonest,
1035 2457 1109 2506 1844.
1136 2453 1193 2519 8⁰.)
1217 2476 1244 2524 p.
1266 2459 1324 2509 114.

191 2547 298 2596 etrite.
320 2549 384 2593 note
398 2545 421 2593 i.

608 2626 811 2635 *κιο-..ι

103 2751 165 2809 286.
199 2753 254 2808 No.
269 2749 379 2809 eadee
426 2745 504 2828 (Vol.
518 2749 554 2806 V.
577 2769 604 2822 p.
622 2745 712 2824 780.)
1196 2751 1245 2810 30.
1259 2756 1328 2813 «Iun.

195 2835 367 2862 Μ
1196 2843 1319 2870 Μ

334 2912 449 3002 θεον9
475 2905 640 2976 Sattiae
668 2902 719 2974 ad
746 2902 1086 2977 Metanotttonem.

162 3043 234 3096 ilaec
259 3041 380 3109 epistole
401 3041 501 3105 legitur
525 3041 554 3090 in
578 3040 661 3096 hocce
686 3037 769 3091 libro:
802 3036 1066 3104 Poemeta.Geor·gii
1090 3037 1182 3102 Sebini
1209 3040 1328 3094 Brande-

195 3129 342 3196 burgensis
361 3128 394 3175 V.
417 3126 454 3178 Gi.
479 3133 506 3180 et
529 3141 640 3184 numero
659 3124 790 3194 liqrorum
810 3132 836 3200 et
856 3126 918 3179 eliis
940 3126 1043 3178 additis
1072 3133 1165 3190 eructa,
1194 3134 1221 3179 et
1241 3144 1329 3178 amen·

194 3218 286 3269 datius
306 3215 393 3264 denuo
414 3213 497 3262 edite.
527 3211 638 3278 Lipsiae
659 3212 759 3278 (loon.)
785 3211 827 3261 8⁰.
854 3231 882 3280 p.
896 3213 1046 3262 naa-524

140 3336 326 3400 Clarissimo
360 3331 441 3398 Viro
468 3330 610 3397 Domino
638 3329 800 3418 Ptrrrppo
823 3329 1078 3396 Melanchthom'
1106 3353 1218 3397 cocere
1247 3355 1288 3396 ec

479 3433 701 3517 Praeceptori
721 3455 779 3496 suo
802 3434 948 3498 colendo.

669 3541 698 3600 S.
722 3540 758 3600 D.

180 3643 327 3720 Magnum
350 3649 450 3718 atque
470 3641 691 3705 incredibilem
723 3641 867 3702 dolorem
891 3639 1002 3716 accepi
1026 3657 1067 3702 ex
1090 3641 1179 3702 obitu
1202 3640 1250 3720 DJ
1263 3644 1329 3703 Sto-

106 3743 191 3806 nislai
213 3745 428 3821 Repegeieni,
461 3761 555 3819 quem
578 3746 664 3820 Deus
688 3742 828 3820 optimus
852 3743 1007 3806 maximus
1031 3760 1133 3820 nuper
1157 3746 1252 3806 rebus
1275 3749 1331 3808 hu-

107 3847 198 3910 nonis
222 3846 352 3911 exemit.
403 3847 504 3928 Amisi
518 3850 613 3915 ,enirn
641 3847 849 3922 praecipuum
872 3845 904 3906 in
923 3845 1100 3926 ‚Academia
1123 3848 1330 3912 consiliorum

107 3965 238 4010 meorum
261 3950 457 4024 edicionem,
488 3966 524 4010 ec
547 3948 715 4026 diguitatis
745 3950 910 4010 fautorem.
963 3947 1127 4012 Extinctus
1152 3958 1203 4011 est
1225 3960 1331 4028 autem

108 4051 142 4110 ad
163 4051 208 4112 lli.
232 4053 275 4124 ld,
298 4052 391 4122 Maii,
415 4069 486 4115 curu
510 4051 637 4128 quidem
660 4068 779 4130 pancos
803 4052 873 4112 dies
897 4058 1113 4128 aegrotasset:
1146 4069 1205 4114 nec
1229 4058 1332 4115 sotum

110 4153 195 4224 mihi,
218 4156 275 4215 sed
299 4154 397 4216 etiam
422 4154 584 4216 illustriss.
608 4155 750 4232 Princip'r
779 4172 922 4232 magnum
954 4154 1004 4217 sui
1035 4154 1233 4220 desiderium
1255 4159 1329 4221 reli·
1361 4133 1367 4147 ¹

112 4256 178 4325 quit.
223 4257 300 4320 Nem
323 4264 357 4331 et
381 4275 458 4334 prae
481 4257 602 4320 ceteris
626 4257 799 4318 lectoribus
823 4274 894 4318 enm
917 4257 1074 4333 diligebat
1097 4258 1265 4338 Princeps,
1301 4267 1332 4320 et

113 4359 209 4420 audito
233 4362 303 4421 eius
326 4361 475 4430 interitu,
508 4377 686 4436 quanquam
709 4367 777 4420 erat
802 4368 891 4421 extre
914 4362 1041 4431 urbem,
1074 4368 1178 4423 tamen
1202 4379 1259 4436 pro
1285 4380 1332 4433 ee,

114 4474 166 4532 qna
188 4463 317 4555 excellit
340 4464 547 4533 humanitate,
571 4463 659 4524 venit
683 4461 720 4523 ad
745 4462 1015 4530 cohonestandum
1038 4464 1141 4532 funus,
1166 4465 1334 4540 iocumque

114 4578 305 4592 Ἢ

191 4633 215 4700 1)
241 4633 334 4701 inriue]
355 4636 393 4686 sic
415 4635 496 4702 epist.
518 4633 590 4695 MS.;
611 4635 747 4701 impresse
767 4631 974 4686 extribet:'hinc
