3064 5206
504 333 851 395 sacramentarium
874 337 948 393 naar.
1028 335 1051 369 ·
1270 317 1341 414 m

118 490 293 566 permittunt
318 489 431 557 duceri
453 489 588 554 verbnm
617 487 681 548 Dei
712 495 744 548 et
772 488 950 557 concedunt
979 507 1069 554 nsum
1084 561 1086 566 ,
1101 491 1224 566 piarum
1247 493 1340 563 Cere,

9 635 10 638 ,
114 593 288 654 munierum.
334 591 414 662 Quin
441 592 537 664 etiarn
560 590 708 668 plerique
732 597 870 655 nostrum
886 592 1121 668 professionem
1145 596 1339 678 emplastum

113 701 164 754 tur.
209 695 321 772 Magna
344 694 463 770 tibique
488 693 565 768 sitis,
586 700 635 754 est
661 694 757 766 Verbi
780 692 851 754 Dei.
876 730 914 740 —
950 697 1125 756 Clamarnus
1149 698 1209 758 huc
1232 702 1341 759 aetate

9 853 10 860 ,
113 815 168 857 nun
192 798 243 858 edi
266 799 435 868 miracula,
460 797 583 874 ecquod
606 797 708 861 maius
731 805 785 858 unt
810 797 990 858 evidentius
1019 805 1126 875 potest
1150 815 1223 861 esse
1247 799 1340 862 miru-

9 891 10 958 ξ
113 901 228 968 crrlnrn,
257 918 348 974 qnam
372 900 455 975 quud
477 901 565 960 Deus
590 900 621 959 in
645 900 735 958 mille
758 897 914 976 periculis
937 899 1114 962 Ecclesiam
1144 902 1207 963 uun
1237 905 1340 964 solum

113 1010 226 1072 suarm,
255 1019 364 1062 verum
395 1002 492 1064 etiam
523 1003 586 1062 late
617 1008 789 1078 propagat,
820 1020 858 1062 au
886 1001 960 1069 dum
988 1002 1125 1084 vincia
1156 1003 1341 1086 mundoni-

112 1104 213 1175 detur,
243 1112 316 1166 tunc
339 1107 476 1166 maxime
500 1103 676 1181 potentiam
701 1118 789 1164 suurn
820 1104 959 1164 ostendit
984 1112 1015 1164 ut
1037 1106 1187 1168 declarat.
1234 1107 1341 1170 Nostri

9 1261 10 1270 ,
111 1206 270 1281 Principes
288 1203 389 1276 'annuis
413 1217 445 1267 et
469 1207 581 1274 caseis
606 1213 696 1280 erunt
717 1207 934 1284 oppugnaturi
957 1207 1091 1284 glorium
1116 1209 1245 1282 christi,
1268 1229 1340 1287 pru·

9 1393 10 1398 ἵ
112 1316 215 1384 pterea
238 1312 325 1372 Dens
347 1311 479 1375 adduxit
504 1311 639 1380 'l‘uruas‚
675 1307 732 1383 uui
755 1310 933 1394 concedunt
955 1309 1057 1377 tibere
1075 1311 1244 1382 ›doctrinae
1267 1329 1339 1376 coe-

111 1411 198 1471 lestis
223 1413 476 1473 Confessionem.
512 1413 579 1483 Quo
603 1413 654 1482 m,
685 1419 721 1470 nt
744 1414 883 1489 pupulus
905 1413 944 1472 ad
968 1415 1036 1473 veri
1057 1415 1341 1494 Ilei-agnitionem

112 1515 229 1585 veniat,
260 1513 300 1575 ad
323 1533 416 1591 quam
439 1533 458 1576 a
481 1514 718 1577 calamitatibus
741 1516 882 1576 externis
906 1517 997 1590 qrrusi
1029 1535 1122 1578 uranu
1154 1518 1340 1601 arelauno

111 1615 300 1679 ineffabilem
315 1617 377 1679 Dei
398 1619 659 1680 misericordiam.
694 1616 827 1698 adfligit
852 1637 909 1677 nos
930 1627 1061 1698 propter
1076 1629 1208 1697 peccata
1220 1630 1341 1706 postne,

111 1721 181 1796 quia
204 1723 309 1787 iustus
333 1731 382 1783 est
405 1730 436 1801 et
459 1720 635 1791 aerumnis,
666 1719 758 1798 quasi
782 1722 907 1804 flagris,
939 1723 1089 1786 admonet
1118 1743 1175 1788 nos
1204 1724 1274 1797 sui,
1302 1742 1340 1788 ac

110 1831 196 1885 vocat
219 1826 263 1886 ‚ad
287 1826 534 1901 poeniteutiam.
590 1823 714 1888 Deinde
737 1825 770 1889 in
792 1824 908 1890 mediis
939 1827 1099 1904 angustiis
1122 1827 1228 1906 aperit
1250 1827 1340 1892 inex-

109 1926 237 1988 haustus
260 1945 338 1989 suae
360 1929 483 2007 gratiae
507 1930 612 1989 fontes
635 1946 672 1988 au
694 1929 880 1999 thesauros,
912 1930 1028 2003 quibus
1059 1950 1117 1992 nos
1147 1934 1343 2004 consulatur,

9 2017 10 2024 '
110 2025 152 2090 ita
173 2037 206 2089 nt
229 2031 326 2093 iaciat
357 2051 437 2108 uprrs
467 2049 574 2101 sunm,
604 2028 782 2091 alienorum
815 2037 863 2089 est
893 2049 974 2108 opus
1005 2049 1106 2095 sunm.
1130 2068 1170 2080 -
1202 2035 1342 2115 Populus

111 2131 187 2194 nihil
216 2137 320 2212 magis
350 2141 456 2212 optat,
485 2151 581 2210 quum
611 2131 853 2196 concionatores
875 2138 987 2196 bonus.
1032 2137 1141 2216 Nuper
1161 2141 1261 2206 Bassa
1283 2141 1343 2208 Du-

111 2235 218 2300 deusis
247 2238 335 2300 misit
372 2239 499 2300 occulte
536 2237 646 2298 literas
684 2236 717 2298 in
746 2238 901 2299 Ducaturn
933 2239 1188 2313 Dubrucunserm
1203 2299 1206 2307 ,
1224 2243 1342 2318 uulnus

111 2338 298 2404 Ductoribus
321 2359 358 2403 uc
381 2341 536 2402 Ministrts
564 2341 754 2404 nouaclum
782 2339 1003 2412 securitatum,
1038 2345 1095 2404 sed
1125 2345 1222 2405 etiam
1251 2360 1356 2422 prae.

19 2445 21 2452 ⁴
110 2441 170 2509 mia
192 2445 399 2520 promittebat
423 2441 607 2506 nolentibus
631 2441 663 2502 in
687 2441 739 2506 sni
755 2441 960 2519 imperaturis
982 2443 1237 2518 lurisdictiouem
1261 2464 1343 2508 uom-

111 2545 252 2622 nigrare.
278 2545 491 2622 Scripseram
515 2554 547 2605 et
563 2552 711 2622 pasturus
725 2544 940 2612 Ecclesiamru
955 2548 1013 2611 sub
1027 2547 1137 2612 Turris
1157 2548 1195 2613 ad
1216 2556 1342 2622 nostres

9 2639 10 2730 ᾗ
111 2650 374 2723 Beatissimorum
399 2650 454 2728 qui
476 2649 624 2712 Dtibretii
648 2655 878 2720 convenerant,
909 2650 942 2709 in
972 2650 1055 2712 hanc
1084 2651 1183 2730 terme
1213 2661 1340 2738 senteu-

112 2751 197 2824 tium:
220 2752 475 2826 ‚,‚Dilectissirni
498 2753 641 2822 Fratres,
672 2753 796 2830 agimus
819 2753 889 2814 Deo
920 2753 1116 2830 immortales
1139 2757 1262 2836 gratias
1282 2773 1341 2840 prp

110 2851 427 2923 innumerositate
451 2874 525 2926 sna,
557 2872 619 2935 uua
647 2873 706 2916 nos
737 2857 769 2915 in
801 2857 861 2919 hac
893 2856 1085 2943 captivitate
1107 2849 1267 2942 visitarit,
1296 2859 1310 2922 i

110 2973 171 3020 eum
194 2959 366 3036 Evangelii
398 2959 449 3021 sui
478 2957 571 3022 nubis
603 2957 813 3038 patefaciens.
864 2960 987 3021 Scitote
1025 2968 1149 3026 nostras
1178 2962 1342 3034 Eustasius

109 3061 258 3138 urnplecti
289 3063 462 3129 coelestem
490 3061 668 3126 doctrinam
696 3061 736 3120 de
765 3061 847 3128 Filia
876 3062 955 3132 Dei,
984 3068 1017 3121 et
1045 3065 1199 3147 populum
1225 3065 1341 3146 ardep·

112 3162 191 3226 tibus
215 3167 437 3242 votisnpetere
460 3164 607 3246 quotidie
629 3166 728 3250 aileu
752 3163 877 3242 copiam
898 3166 1052 3228 hunorum
1066 3166 1343 3239 Conuionatnrum.

112 3265 209 3336 Quare
232 3286 292 3333 vos
315 3269 495 3338 hortamur,
522 3275 559 3339 pt
577 3267 681 3346 primo
713 3281 840 3342 qnoque
869 3271 1014 3344 ternpore
1045 3268 1085 3328 ad
1107 3287 1167 3330 nus
1190 3268 1343 3351 veniatis,

112 3372 190 3444 qaod
211 3379 247 3446 et
271 3374 378 3445 lacera
401 3387 515 3440 saonae
537 3371 694 3448 potestis,
727 3378 760 3428 et
783 3370 924 3448 praemia
947 3370 1001 3435 hic
1022 3373 1230 3452 temporalia,
1252 3379 1284 3434 et
1308 3371 1343 3440 in

55 3533 58 3538 ,
114 3472 173 3536 vita
195 3476 303 3536 futura
321 3481 454 3541 lauterna
476 3492 495 3536 a
516 3475 585 3534 Deo
609 3473 699 3534 Patre
723 3470 853 3534 Domini
876 3471 979 3555 nostri
1001 3474 1073 3534 lesu
1097 3474 1216 3544 Girristi
1238 3473 1341 3558 perui*

112 3575 215 3651 pictis.
252 3577 463 3654 intelligimus
488 3592 544 3636 vos
568 3582 600 3634 et
625 3571 808 3639 eruditione
831 3572 924 3637 nobis
947 3577 1158 3648 antecellere,
1177 3584 1216 3644 et
1234 3577 1342 3660 gratia

112 3675 246 3753 Spiritus
277 3678 371 3744 dunis
399 3679 595 3755 praelucere.
653 3677 718 3738 Nec
754 3676 923 3744 mediocris
966 3685 1015 3758 est
1052 3695 1128 3758 spes
1156 3681 1276 3745 ¹Turcas
1304 3679 1345 3762 ad

113 3788 237 3856 nostrae
259 3781 337 3858 idai
367 3773 602 3859 confessionem
633 3795 832 3844 accessurus.
884 3780 950 3842 Vos
972 3782 1074 3846 Deum
1103 3789 1272 3855 vocantem
1295 3797 1342 3866 sa-

114 3885 277 3957 ‹inimisit‘
323 3886 376 3958 ts,
404 3886 457 3951 cui
487 3885 593 3947 datum
623 3889 691 3944 erat
712 3884 876 3960 negotium
899 3902 918 3944 a
939 3885 1057 3955 Bassa,
1086 3882 1344 3970 perquisinitip

114 3986 241 4055 civitate
264 4005 377 4056 omnes
399 3989 565 4056 Pastores,
590 3987 839 4052 concionatores
865 3993 896 4046 et
915 3986 1149 4072 Scholasticus,
1171 3995 1205 4050 et
1227 4005 1343 4070 aunuu-

115 4090 189 4153 catis
218 4089 252 4170 in
284 4109 377 4155 unam
406 4091 533 4158 domum
564 4088 732 4165 proposuit
762 4094 826 4152 tarn
854 4090 974 4158 Dassae
998 4091 1278 4172 adamianorum
1307 4089 1345 4174 li·

114 4197 204 4270 teras
251 4195 301 4271 tlti
323 4200 536 4273 agnoscentes
559 4197 679 4259 tautum
693 4191 756 4257 Dei
778 4193 969 4257 beneficium
991 4191 1111 4270 gratius
1132 4201 1284 4274 egerunt,
1305 4212 1345 4266 ac

116 4302 185 4368 post
209 4296 424 4373 papensium
445 4312 558 4374 magna
587 4312 662 4374 pars
690 4309 802 4365 aarum
831 4295 862 4356 in
892 4292 1046 4357 ditionem
1076 4296 1244 4369 Terrarum
1273 4314 1345 4374 pra

116 4393 194 4459 lecta
218 4405 276 4460 cst.
323 4399 408 4459 Haec
430 4413 508 4459 vera
532 4413 607 4459 esse
628 4395 710 4459 nihil
735 4398 870 4458 dubites.
915 4397 970 4457 Est
993 4395 1046 4457 hic
1068 4395 1250 4476 negotiator
1276 4399 1346 4476 qui-

116 4497 198 4572 dam,
223 4507 261 4562 et
281 4501 368 4562 idern
390 4496 515 4578 Eques,
547 4499 602 4576 qni
625 4497 774 4560 nundinis
796 4497 1053 4562 Dabrecensibns
1076 4498 1222 4561 interluit
1243 4507 1277 4563 et
1297 4499 1346 4586 nl·
1399 4567 1402 4571 ,

117 4599 160 4662 dit
182 4604 243 4666 istu
265 4603 345 4683 geri.
390 4604 458 4664 Non
481 4603 597 4662 desunt
620 4601 679 4664 alii
703 4617 830 4679 qnoque
852 4608 953 4662 testes
977 4598 1040 4661 fide
1063 4598 1162 4679 digni.
1197 4601 1283 4667 Haec
1306 4603 1346 4665 ud

1141 4701 1211 4766 21*
