<?xml version="1.0" encoding="UTF-8"?>
<!DOCTYPE html PUBLIC "-//W3C//DTD XHTML 1.0 Transitional//EN"
    "http://www.w3.org/TR/xhtml1/DTD/xhtml1-transitional.dtd">
<html xmlns="http://www.w3.org/1999/xhtml" xml:lang="en" lang="en">
 <head>
  <title>
</title>
<meta http-equiv="Content-Type" content="text/html;charset=utf-8" />
  <meta name='ocr-system' content='tesseract 3.04.00' />
  <meta name='ocr-capabilities' content='ocr_page ocr_carea ocr_par ocr_line ocrx_word'/>
</head>
<body>
  <div class='ocr_page' id='page_1' title='image "./philippimelanch01melagoog_0035.png"; bbox 0 0 3120 5206; ppageno 0'>
   <div class='ocr_carea' id='block_1_1' title="bbox 161 315 1053 414">
    <p class='ocr_par' dir='ltr' id='par_1_1' title="bbox 161 315 1053 414">
     <span class='ocr_line' id='line_1_1' title="bbox 161 315 1053 414; baseline 0.003 -29"><span class='ocrx_word' id='word_1_1' title='bbox 161 409 164 414; x_wconf 21' lang='grc' dir='ltr'>Ι</span> <span class='ocrx_word' id='word_1_2' title='bbox 215 315 259 412; x_wconf 76' lang='grc'><strong>18</strong></span> <span class='ocrx_word' id='word_1_3' title='bbox 607 333 854 386; x_wconf 71' lang='lat' dir='ltr'><strong>supernarum</strong></span> <span class='ocrx_word' id='word_1_4' title='bbox 874 334 955 386; x_wconf 75' lang='lat' dir='ltr'><strong>rum</strong></span> <span class='ocrx_word' id='word_1_5' title='bbox 980 337 1053 388; x_wconf 78' lang='lat' dir='ltr'><strong>maa</strong></span> 
     </span>
    </p>
   </div>
   <div class='ocr_carea' id='block_1_2' title="bbox 211 487 1455 2100">
    <p class='ocr_par' dir='ltr' id='par_1_2' title="bbox 211 487 1454 1908">
     <span class='ocr_line' id='line_1_2' title="bbox 215 487 1449 567; baseline 0.002 -17"><span class='ocrx_word' id='word_1_6' title='bbox 215 491 332 567; x_wconf 82' lang='lat' dir='ltr'><strong>impia,</strong></span> <span class='ocrx_word' id='word_1_7' title='bbox 354 497 409 552; x_wconf 85' lang='lat' dir='ltr'><strong>aut</strong></span> <span class='ocrx_word' id='word_1_8' title='bbox 431 492 470 552; x_wconf 88' lang='lat' dir='ltr'><strong>ud</strong></span> <span class='ocrx_word' id='word_1_9' title='bbox 493 509 610 567; x_wconf 81' lang='lat' dir='ltr'><strong>nugas,</strong></span> <span class='ocrx_word' id='word_1_10' title='bbox 646 505 727 564; x_wconf 86' lang='lat' dir='ltr'><strong>quoe</strong></span> <span class='ocrx_word' id='word_1_11' title='bbox 750 490 788 549; x_wconf 87' lang='lat' dir='ltr'><strong>ad</strong></span> <span class='ocrx_word' id='word_1_12' title='bbox 812 487 970 565; x_wconf 75' lang='lat' dir='ltr'>publicam</span> <span class='ocrx_word' id='word_1_13' title='bbox 994 505 1105 565; x_wconf 87' lang='lat' dir='ltr'><strong>pacem</strong></span> <span class='ocrx_word' id='word_1_14' title='bbox 1127 491 1308 554; x_wconf 70' lang='lat' dir='ltr'><strong>turbandam</strong></span> <span class='ocrx_word' id='word_1_15' title='bbox 1332 499 1449 553; x_wconf 87' lang='lat' dir='ltr'><strong>tantum</strong></span> 
     </span>
     <span class='ocr_line' id='line_1_3' title="bbox 215 591 1449 671; baseline 0.002 -17"><span class='ocrx_word' id='word_1_16' title='bbox 215 593 341 654; x_wconf 84' lang='lat' dir='ltr'><strong>faciant.</strong></span> <span class='ocrx_word' id='word_1_17' title='bbox 386 593 420 653; x_wconf 93' lang='lat' dir='ltr'><strong>ld</strong></span> <span class='ocrx_word' id='word_1_18' title='bbox 442 593 574 654; x_wconf 89' lang='lat' dir='ltr'><strong>alterum</strong></span> <span class='ocrx_word' id='word_1_19' title='bbox 599 599 632 652; x_wconf 91' lang='lat' dir='ltr'><strong>et</strong></span> <span class='ocrx_word' id='word_1_20' title='bbox 654 591 707 652; x_wconf 89' lang='lat' dir='ltr'><strong>hic</strong></span> <span class='ocrx_word' id='word_1_21' title='bbox 731 591 855 652; x_wconf 90' lang='lat' dir='ltr'><strong>accidit.</strong></span> <span class='ocrx_word' id='word_1_22' title='bbox 909 591 946 652; x_wconf 87' lang='lat' dir='ltr'><strong>Et</strong></span> <span class='ocrx_word' id='word_1_23' title='bbox 970 607 1100 663; x_wconf 85' lang='lat' dir='ltr'><strong>vereor,</strong></span> <span class='ocrx_word' id='word_1_24' title='bbox 1124 607 1165 652; x_wconf 88' lang='lat' dir='ltr'><strong>ne</strong></span> <span class='ocrx_word' id='word_1_25' title='bbox 1187 592 1272 652; x_wconf 89' lang='lat' dir='ltr'><strong>idem</strong></span> <span class='ocrx_word' id='word_1_26' title='bbox 1296 593 1449 671; x_wconf 76' lang='lat' dir='ltr'><strong>Zwinglia</strong></span> 
     </span>
     <span class='ocr_line' id='line_1_4' title="bbox 215 687 1451 778; baseline 0.004 -22"><span class='ocrx_word' id='word_1_27' title='bbox 215 697 353 767; x_wconf 87' lang='lat' dir='ltr'><strong>accidat,</strong></span> <span class='ocrx_word' id='word_1_28' title='bbox 383 697 437 772; x_wconf 90' lang='lat' dir='ltr'><strong>qui</strong></span> <span class='ocrx_word' id='word_1_29' title='bbox 460 703 545 756; x_wconf 88' lang='lat' dir='ltr'><strong>totus</strong></span> <span class='ocrx_word' id='word_1_30' title='bbox 570 695 630 756; x_wconf 89' lang='lat' dir='ltr'><strong>ium</strong></span> <span class='ocrx_word' id='word_1_31' title='bbox 654 727 696 741; x_wconf 63' lang='lat'><strong>‹-</strong></span> <span class='ocrx_word' id='word_1_32' title='bbox 719 711 834 756; x_wconf 84' lang='lat' dir='ltr'><strong>caussa</strong></span> <span class='ocrx_word' id='word_1_33' title='bbox 860 711 933 755; x_wconf 80' lang='lat' dir='ltr'><strong>erse</strong></span> <span class='ocrx_word' id='word_1_34' title='bbox 963 696 1079 756; x_wconf 89' lang='lat' dir='ltr'><strong>dicitur</strong></span> <span class='ocrx_word' id='word_1_35' title='bbox 1103 729 1141 742; x_wconf 86' lang='lat'><strong>—-</strong></span> <span class='ocrx_word' id='word_1_36' title='bbox 1167 728 1209 740; x_wconf 82' lang='lat'><strong>--</strong></span> <span class='ocrx_word' id='word_1_37' title='bbox 1232 727 1274 742; x_wconf 82' lang='lat'><strong>·-—</strong></span> <span class='ocrx_word' id='word_1_38' title='bbox 1296 704 1327 758; x_wconf 84' lang='lat' dir='ltr'><strong>et</strong></span> <span class='ocrx_word' id='word_1_39' title='bbox 1352 687 1451 778; x_wconf 71' lang='lat' dir='ltr'><strong>dupo-</strong></span> 
     </span>
     <span class='ocr_line' id='line_1_5' title="bbox 213 796 1450 880; baseline -0.001 -19"><span class='ocrx_word' id='word_1_40' title='bbox 213 801 359 880; x_wconf 67' lang='lat' dir='ltr'><strong>amtor,</strong></span> <span class='ocrx_word' id='word_1_41' title='bbox 390 831 430 842; x_wconf 83' lang='lat'><strong>-</strong></span> <span class='ocrx_word' id='word_1_42' title='bbox 453 798 585 859; x_wconf 74' lang='lat' dir='ltr'><strong>famant.</strong></span> <span class='ocrx_word' id='word_1_43' title='bbox 637 799 742 872; x_wconf 77' lang='lat' dir='ltr'><strong>atque</strong></span> <span class='ocrx_word' id='word_1_44' title='bbox 773 796 919 874; x_wconf 86' lang='lat' dir='ltr'>inprimis</span> <span class='ocrx_word' id='word_1_45' title='bbox 949 814 1006 859; x_wconf 89' lang='lat' dir='ltr'><strong>nos</strong></span> <span class='ocrx_word' id='word_1_46' title='bbox 1037 831 1080 847; x_wconf 46' lang='grc' dir='ltr'><strong>-ψ</strong></span> <span class='ocrx_word' id='word_1_47' title='bbox 1108 797 1272 860; x_wconf 88' lang='lat' dir='ltr'><strong>materiam</strong></span> <span class='ocrx_word' id='word_1_48' title='bbox 1301 801 1450 861; x_wconf 87' lang='lat' dir='ltr'><strong>tumultus</strong></span> 
     </span>
     <span class='ocr_line' id='line_1_6' title="bbox 215 900 1450 979; baseline 0 -17"><span class='ocrx_word' id='word_1_49' title='bbox 215 903 433 979; x_wconf 75' lang='lat' dir='ltr'><strong>praebeamus.</strong></span> <span class='ocrx_word' id='word_1_50' title='bbox 483 901 547 962; x_wconf 88' lang='lat' dir='ltr'><strong>Sed</strong></span> <span class='ocrx_word' id='word_1_51' title='bbox 576 916 636 960; x_wconf 87' lang='lat' dir='ltr'><strong>nac</strong></span> <span class='ocrx_word' id='word_1_52' title='bbox 665 900 765 971; x_wconf 82' lang='lat' dir='ltr'><strong>cauti,</strong></span> <span class='ocrx_word' id='word_1_53' title='bbox 796 917 855 960; x_wconf 87' lang='lat' dir='ltr'><strong>nec</strong></span> <span class='ocrx_word' id='word_1_54' title='bbox 876 901 1070 979; x_wconf 82' lang='lat' dir='ltr'><strong>Evangelica</strong></span> <span class='ocrx_word' id='word_1_55' title='bbox 1101 917 1141 963; x_wconf 87' lang='lat' dir='ltr'><strong>ea</strong></span> <span class='ocrx_word' id='word_1_56' title='bbox 1164 901 1282 963; x_wconf 75' lang='lat' dir='ltr'>Christi</span> <span class='ocrx_word' id='word_1_57' title='bbox 1306 920 1372 963; x_wconf 61' lang='lat' dir='ltr'><strong>vox,</strong></span> <span class='ocrx_word' id='word_1_58' title='bbox 1394 910 1450 962; x_wconf 89' lang='lat' dir='ltr'><strong>est.</strong></span> 
     </span>
     <span class='ocr_line' id='line_1_7' title="bbox 214 1002 1451 1080; baseline 0 -16"><span class='ocrx_word' id='word_1_59' title='bbox 214 1005 272 1065; x_wconf 90' lang='lat' dir='ltr'><strong>llla</strong></span> <span class='ocrx_word' id='word_1_60' title='bbox 298 1005 465 1065; x_wconf 89' lang='lat' dir='ltr'><strong>multitudo</strong></span> <span class='ocrx_word' id='word_1_61' title='bbox 495 1002 622 1080; x_wconf 79' lang='lat' dir='ltr'><strong>legibus</strong></span> <span class='ocrx_word' id='word_1_62' title='bbox 653 1002 846 1079; x_wconf 86' lang='lat' dir='ltr'><strong>irrcrepanda</strong></span> <span class='ocrx_word' id='word_1_63' title='bbox 875 1012 949 1064; x_wconf 87' lang='lat' dir='ltr'><strong>arat.</strong></span> <span class='ocrx_word' id='word_1_64' title='bbox 1002 1003 1091 1074; x_wconf 82' lang='lat' dir='ltr'><strong>Quod</strong></span> <span class='ocrx_word' id='word_1_65' title='bbox 1121 1007 1150 1067; x_wconf 87' lang='lat' dir='ltr'><strong>si</strong></span> <span class='ocrx_word' id='word_1_66' title='bbox 1180 1004 1320 1068; x_wconf 83' lang='lat' dir='ltr'><strong>lacerent</strong></span> <span class='ocrx_word' id='word_1_67' title='bbox 1350 1005 1451 1066; x_wconf 85' lang='lat' dir='ltr'><strong>nostri</strong></span> 
     </span>
     <span class='ocr_line' id='line_1_8' title="bbox 213 1105 1451 1184; baseline 0.004 -18"><span class='ocrx_word' id='word_1_68' title='bbox 213 1107 371 1168; x_wconf 87' lang='lat' dir='ltr'><strong>doctorali</strong></span> <span class='ocrx_word' id='word_1_69' title='bbox 399 1106 519 1180; x_wconf 86' lang='lat' dir='ltr'><strong>passim</strong></span> <span class='ocrx_word' id='word_1_70' title='bbox 548 1122 609 1166; x_wconf 88' lang='lat' dir='ltr'><strong>nae</strong></span> <span class='ocrx_word' id='word_1_71' title='bbox 638 1107 677 1166; x_wconf 88' lang='lat' dir='ltr'><strong>ab</strong></span> <span class='ocrx_word' id='word_1_72' title='bbox 708 1106 779 1182; x_wconf 86' lang='lat' dir='ltr'><strong>ipso</strong></span> <span class='ocrx_word' id='word_1_73' title='bbox 805 1105 905 1184; x_wconf 80' lang='lat' dir='ltr'><strong>Vulgo</strong></span> <span class='ocrx_word' id='word_1_74' title='bbox 936 1107 1194 1183; x_wconf 73' lang='lat' dir='ltr'>discerperentur</span> <span class='ocrx_word' id='word_1_75' title='bbox 1222 1110 1330 1178; x_wconf 87' lang='lat' dir='ltr'><strong>citius,</strong></span> <span class='ocrx_word' id='word_1_76' title='bbox 1358 1125 1451 1183; x_wconf 88' lang='lat' dir='ltr'><strong>quam</strong></span> 
     </span>
     <span class='ocr_line' id='line_1_9' title="bbox 213 1207 1452 1286; baseline -0.002 -16"><span class='ocrx_word' id='word_1_77' title='bbox 213 1227 233 1270; x_wconf 89' lang='lat' dir='ltr'><strong>a</strong></span> <span class='ocrx_word' id='word_1_78' title='bbox 256 1209 472 1272; x_wconf 84' lang='lat' dir='ltr'><strong>sacerdotibus</strong></span> <span class='ocrx_word' id='word_1_79' title='bbox 495 1209 580 1269; x_wconf 81' lang='lat' dir='ltr'><strong>Baal.</strong></span> <span class='ocrx_word' id='word_1_80' title='bbox 604 1207 801 1284; x_wconf 76' lang='lat' dir='ltr'><strong>Simpliciter</strong></span> <span class='ocrx_word' id='word_1_81' title='bbox 822 1208 902 1268; x_wconf 85' lang='lat' dir='ltr'><strong>baec</strong></span> <span class='ocrx_word' id='word_1_82' title='bbox 925 1209 964 1268; x_wconf 88' lang='lat' dir='ltr'><strong>ad</strong></span> <span class='ocrx_word' id='word_1_83' title='bbox 985 1215 1019 1268; x_wconf 87' lang='lat' dir='ltr'><strong>te</strong></span> <span class='ocrx_word' id='word_1_84' title='bbox 1043 1211 1176 1286; x_wconf 79' lang='lat' dir='ltr'><strong>scripsi,</strong></span> <span class='ocrx_word' id='word_1_85' title='bbox 1211 1230 1272 1272; x_wconf 91' lang='lat' dir='ltr'><strong>nou</strong></span> <span class='ocrx_word' id='word_1_86' title='bbox 1301 1211 1387 1286; x_wconf 87' lang='lat' dir='ltr'><strong>quod</strong></span> <span class='ocrx_word' id='word_1_87' title='bbox 1410 1211 1452 1270; x_wconf 88' lang='lat' dir='ltr'><strong>de</strong></span> 
     </span>
     <span class='ocr_line' id='line_1_10' title="bbox 212 1311 1452 1388; baseline 0 -16"><span class='ocrx_word' id='word_1_88' title='bbox 212 1318 268 1375; x_wconf 88' lang='lat' dir='ltr'><strong>tua</strong></span> <span class='ocrx_word' id='word_1_89' title='bbox 295 1311 359 1374; x_wconf 87' lang='lat' dir='ltr'><strong>fide</strong></span> <span class='ocrx_word' id='word_1_90' title='bbox 388 1311 545 1380; x_wconf 87' lang='lat' dir='ltr'><strong>dubitem.</strong></span> <span class='ocrx_word' id='word_1_91' title='bbox 582 1311 640 1372; x_wconf 84' lang='lat' dir='ltr'><strong>sed</strong></span> <span class='ocrx_word' id='word_1_92' title='bbox 679 1312 762 1386; x_wconf 86' lang='lat' dir='ltr'><strong>quod</strong></span> <span class='ocrx_word' id='word_1_93' title='bbox 786 1312 879 1381; x_wconf 84' lang='lat' dir='ltr'><strong>scio,</strong></span> <span class='ocrx_word' id='word_1_94' title='bbox 910 1319 943 1371; x_wconf 91' lang='lat' dir='ltr'><strong>ut</strong></span> <span class='ocrx_word' id='word_1_95' title='bbox 979 1318 1193 1374; x_wconf 85' lang='lat' dir='ltr'><strong>transversum</strong></span> <span class='ocrx_word' id='word_1_96' title='bbox 1231 1329 1452 1388; x_wconf 88' lang='lat' dir='ltr'><strong>nonnunquam</strong></span> 
     </span>
     <span class='ocr_line' id='line_1_11' title="bbox 211 1411 1453 1490; baseline -0.003 -12"><span class='ocrx_word' id='word_1_97' title='bbox 211 1420 322 1478; x_wconf 81' lang='lat' dir='ltr'><strong>aestus</strong></span> <span class='ocrx_word' id='word_1_98' title='bbox 352 1419 384 1474; x_wconf 90' lang='lat' dir='ltr'><strong>at</strong></span> <span class='ocrx_word' id='word_1_99' title='bbox 413 1429 464 1474; x_wconf 83' lang='lat' dir='ltr'><strong>res</strong></span> <span class='ocrx_word' id='word_1_100' title='bbox 495 1412 642 1474; x_wconf 85' lang='lat' dir='ltr'><strong>incautus</strong></span> <span class='ocrx_word' id='word_1_101' title='bbox 663 1411 795 1490; x_wconf 88' lang='lat' dir='ltr'><strong>rapiant.</strong></span> <span class='ocrx_word' id='word_1_102' title='bbox 836 1412 867 1472; x_wconf 92' lang='lat' dir='ltr'><strong>ld</strong></span> <span class='ocrx_word' id='word_1_103' title='bbox 893 1415 946 1473; x_wconf 87' lang='lat' dir='ltr'><strong>hic</strong></span> <span class='ocrx_word' id='word_1_104' title='bbox 968 1414 1048 1474; x_wconf 89' lang='lat' dir='ltr'><strong>mihi</strong></span> <span class='ocrx_word' id='word_1_105' title='bbox 1072 1414 1197 1476; x_wconf 88' lang='lat' dir='ltr'><strong>accidit.</strong></span> <span class='ocrx_word' id='word_1_106' title='bbox 1239 1416 1453 1476; x_wconf 83' lang='lat' dir='ltr'><strong>hibereenirn</strong></span> 
     </span>
     <span class='ocr_line' id='line_1_12' title="bbox 214 1515 1454 1590; baseline -0.001 -14"><span class='ocrx_word' id='word_1_107' title='bbox 214 1517 377 1581; x_wconf 81' lang='lat' dir='ltr'><strong>confitear.</strong></span> <span class='ocrx_word' id='word_1_108' title='bbox 421 1515 501 1576; x_wconf 86' lang='lat' dir='ltr'><strong>Mihi</strong></span> <span class='ocrx_word' id='word_1_109' title='bbox 524 1515 634 1585; x_wconf 84' lang='lat' dir='ltr'><strong>crede,</strong></span> <span class='ocrx_word' id='word_1_110' title='bbox 666 1531 727 1575; x_wconf 88' lang='lat' dir='ltr'><strong>non</strong></span> <span class='ocrx_word' id='word_1_111' title='bbox 751 1521 872 1576; x_wconf 87' lang='lat' dir='ltr'><strong>temere</strong></span> <span class='ocrx_word' id='word_1_112' title='bbox 896 1516 977 1576; x_wconf 83' lang='lat' dir='ltr'><strong>dixit</strong></span> <span class='ocrx_word' id='word_1_113' title='bbox 1000 1516 1075 1576; x_wconf 88' lang='lat' dir='ltr'><strong>ille:</strong></span> <span class='ocrx_word' id='word_1_114' title='bbox 1105 1517 1159 1590; x_wconf 88' lang='lat' dir='ltr'><strong>qai</strong></span> <span class='ocrx_word' id='word_1_115' title='bbox 1190 1523 1251 1578; x_wconf 84' lang='lat' dir='ltr'><strong>stat</strong></span> <span class='ocrx_word' id='word_1_116' title='bbox 1275 1517 1383 1578; x_wconf 87' lang='lat' dir='ltr'><strong>videat</strong></span> <span class='ocrx_word' id='word_1_117' title='bbox 1411 1533 1454 1576; x_wconf 85' lang='lat' dir='ltr'><strong>ne</strong></span> 
     </span>
     <span class='ocr_line' id='line_1_13' title="bbox 213 1616 1452 1688; baseline -0.001 -8"><span class='ocrx_word' id='word_1_118' title='bbox 213 1620 312 1682; x_wconf 85' lang='lat' dir='ltr'><strong>cadat.</strong></span> <span class='ocrx_word' id='word_1_119' title='bbox 359 1618 446 1680; x_wconf 86' lang='lat' dir='ltr'><strong>Vale.</strong></span> <span class='ocrx_word' id='word_1_120' title='bbox 490 1619 627 1680; x_wconf 79' lang='lat' dir='ltr'><strong>Fratrem</strong></span> <span class='ocrx_word' id='word_1_121' title='bbox 651 1619 762 1678; x_wconf 88' lang='lat' dir='ltr'><strong>saluta.</strong></span> <span class='ocrx_word' id='word_1_122' title='bbox 808 1616 888 1688; x_wconf 80' lang='lat' dir='ltr'><strong>Quid</strong></span> <span class='ocrx_word' id='word_1_123' title='bbox 919 1625 1025 1680; x_wconf 89' lang='lat' dir='ltr'><strong>autem</strong></span> <span class='ocrx_word' id='word_1_124' title='bbox 1054 1627 1162 1680; x_wconf 88' lang='lat' dir='ltr'><strong>noster</strong></span> <span class='ocrx_word' id='word_1_125' title='bbox 1185 1617 1319 1681; x_wconf 84' lang='lat' dir='ltr'><strong>Simon?</strong></span> <span class='ocrx_word' id='word_1_126' title='bbox 1364 1619 1452 1680; x_wconf 84' lang='lat' dir='ltr'><strong>Nihil</strong></span> 
     </span>
     <span class='ocr_line' id='line_1_14' title="bbox 214 1717 1134 1801; baseline 0 -21"><span class='ocrx_word' id='word_1_127' title='bbox 214 1721 352 1796; x_wconf 80' lang='lat' dir='ltr'><strong>scripsit.</strong></span> <span class='ocrx_word' id='word_1_128' title='bbox 399 1719 485 1782; x_wconf 87' lang='lat' dir='ltr'><strong>Hanc</strong></span> <span class='ocrx_word' id='word_1_129' title='bbox 508 1721 598 1780; x_wconf 90' lang='lat' dir='ltr'><strong>mitte</strong></span> <span class='ocrx_word' id='word_1_130' title='bbox 621 1721 659 1780; x_wconf 87' lang='lat' dir='ltr'><strong>ad</strong></span> <span class='ocrx_word' id='word_1_131' title='bbox 686 1735 757 1780; x_wconf 90' lang='lat' dir='ltr'><strong>eum</strong></span> <span class='ocrx_word' id='word_1_132' title='bbox 779 1719 964 1796; x_wconf 82' lang='lat' dir='ltr'><strong>Epistulam.</strong></span> <span class='ocrx_word' id='word_1_133' title='bbox 1010 1717 1134 1801; x_wconf 70' lang='grc'>(1524.)</span> 
     </span>
     <span class='ocr_line' id='line_1_15' title="bbox 219 1823 1321 1908; baseline 0.002 -24"><span class='ocrx_word' id='word_1_134' title='bbox 219 1824 221 1829; x_wconf 85' lang='grc'><strong>’</strong></span> <span class='ocrx_word' id='word_1_135' title='bbox 357 1823 370 1841; x_wconf 68' lang='grc'><strong>“</strong></span> <span class='ocrx_word' id='word_1_136' title='bbox 752 1894 756 1908; x_wconf 38' lang='grc' dir='ltr'>Ι</span> <span class='ocrx_word' id='word_1_137' title='bbox 1048 1823 1216 1900; x_wconf 86' lang='lat' dir='ltr'><strong>Philippus</strong></span> <span class='ocrx_word' id='word_1_138' title='bbox 1243 1831 1321 1887; x_wconf 41' lang='lat' dir='ltr'><strong>tuust</strong></span> 
     </span>
    </p>

    <p class='ocr_par' dir='ltr' id='par_1_3' title="bbox 215 1923 1455 2100">
     <span class='ocr_line' id='line_1_16' title="bbox 299 1923 1455 2004; baseline 0 -18"><span class='ocrx_word' id='word_1_139' title='bbox 299 1925 380 1996; x_wconf 86' lang='lat' dir='ltr'><strong>Quid</strong></span> <span class='ocrx_word' id='word_1_140' title='bbox 411 1927 495 2002; x_wconf 88' lang='lat' dir='ltr'><strong>quod</strong></span> <span class='ocrx_word' id='word_1_141' title='bbox 523 1927 603 1988; x_wconf 90' lang='lat' dir='ltr'><strong>nihil</strong></span> <span class='ocrx_word' id='word_1_142' title='bbox 638 1927 801 2003; x_wconf 74' lang='lat' dir='ltr'><strong>scripsisti</strong></span> <span class='ocrx_word' id='word_1_143' title='bbox 832 1923 1010 1988; x_wconf 84' lang='lat' dir='ltr'><strong>hactenus?</strong></span> <span class='ocrx_word' id='word_1_144' title='bbox 1069 1928 1174 1988; x_wconf 82' lang='lat' dir='ltr'><strong>hvide</strong></span> <span class='ocrx_word' id='word_1_145' title='bbox 1205 1935 1341 2004; x_wconf 83' lang='lat' dir='ltr'><strong>expecto</strong></span> <span class='ocrx_word' id='word_1_146' title='bbox 1372 1934 1455 1988; x_wconf 84' lang='lat' dir='ltr'><strong>tuas.</strong></span> 
     </span>
     <span class='ocr_line' id='line_1_17' title="bbox 215 2029 882 2100; baseline -0.001 -10"><span class='ocrx_word' id='word_1_147' title='bbox 215 2029 414 2100; x_wconf 72' lang='lat' dir='ltr'><strong>onerariae</strong></span> <span class='ocrx_word' id='word_1_148' title='bbox 510 2035 544 2090; x_wconf 93' lang='lat' dir='ltr'><strong>ut</strong></span> <span class='ocrx_word' id='word_1_149' title='bbox 567 2045 607 2090; x_wconf 88' lang='lat' dir='ltr'><strong>ne</strong></span> <span class='ocrx_word' id='word_1_150' title='bbox 630 2030 751 2090; x_wconf 88' lang='lat' dir='ltr'><strong>diutius</strong></span> <span class='ocrx_word' id='word_1_151' title='bbox 775 2029 882 2091; x_wconf 86' lang='lat' dir='ltr'><strong>sileas.</strong></span> 
     </span>
    </p>
   </div>
   <div class='ocr_carea' id='block_1_3' title="bbox 730 2161 936 2176">
    <p class='ocr_par' dir='ltr' id='par_1_4' title="bbox 730 2161 936 2176">
     <span class='ocr_line' id='line_1_18' title="bbox 730 2161 936 2176; baseline 0.01 -2"><span class='ocrx_word' id='word_1_152' title='bbox 730 2161 936 2176; x_wconf 57' lang='grc' dir='ltr'><strong>’ὓ--ι-ο-ο</strong></span> 
     </span>
    </p>
   </div>
   <div class='ocr_carea' id='block_1_4' title="bbox 213 2249 1457 2367">
    <p class='ocr_par' dir='ltr' id='par_1_5' title="bbox 213 2249 1457 2367">
     <span class='ocr_line' id='line_1_19' title="bbox 213 2249 1457 2367; baseline -0.001 -55"><span class='ocrx_word' id='word_1_153' title='bbox 213 2255 263 2314; x_wconf 76' lang='grc'><strong>29.</strong></span> <span class='ocrx_word' id='word_1_154' title='bbox 315 2249 490 2367; x_wconf 48' lang='lat' dir='ltr'><strong>&amp;Q</strong></span> <span class='ocrx_word' id='word_1_155' title='bbox 530 2249 608 2336; x_wconf 88' lang='lat' dir='ltr'><strong>(Vol.</strong></span> <span class='ocrx_word' id='word_1_156' title='bbox 623 2257 647 2311; x_wconf 89' lang='lat' dir='ltr'><strong>l.</strong></span> <span class='ocrx_word' id='word_1_157' title='bbox 668 2273 697 2329; x_wconf 82' lang='lat' dir='ltr'><strong>p.</strong></span> <span class='ocrx_word' id='word_1_158' title='bbox 712 2249 800 2334; x_wconf 75' lang='lat'>698.)</span> <span class='ocrx_word' id='word_1_159' title='bbox 1232 2249 1457 2335; x_wconf 70' lang='lat' dir='ltr'><strong>(codomanus.)</strong></span> 
     </span>
    </p>
   </div>
   <div class='ocr_carea' id='block_1_5' title="bbox 1245 2340 1445 2364">
    <p class='ocr_par' dir='ltr' id='par_1_6' title="bbox 1245 2340 1445 2364">
     <span class='ocr_line' id='line_1_20' title="bbox 1245 2340 1445 2364; baseline -0.01 0"><span class='ocrx_word' id='word_1_160' title='bbox 1245 2340 1445 2364; x_wconf 57' lang='lat' dir='ltr'><strong>m-</strong></span> 
     </span>
    </p>
   </div>
   <div class='ocr_carea' id='block_1_6' title="bbox 599 2429 1061 2520">
    <p class='ocr_par' dir='ltr' id='par_1_7' title="bbox 599 2429 1061 2520">
     <span class='ocr_line' id='line_1_21' title="bbox 599 2429 1061 2520; baseline 0 -21"><span class='ocrx_word' id='word_1_161' title='bbox 599 2432 732 2499; x_wconf 82' lang='lat' dir='ltr'><strong>Ioanni</strong></span> <span class='ocrx_word' id='word_1_162' title='bbox 765 2429 1061 2520; x_wconf 82' lang='lat' dir='ltr'><strong>Oecnlampudt’o.</strong></span> 
     </span>
    </p>
   </div>
   <div class='ocr_carea' id='block_1_7' title="bbox 281 2559 1456 2714">
    <p class='ocr_par' dir='ltr' id='par_1_8' title="bbox 281 2559 1456 2714">
     <span class='ocr_line' id='line_1_22' title="bbox 281 2559 1456 2630; baseline -0.003 -16"><span class='ocrx_word' id='word_1_163' title='bbox 281 2563 322 2614; x_wconf 81' lang='lat' dir='ltr'><strong>Ex</strong></span> <span class='ocrx_word' id='word_1_164' title='bbox 341 2564 436 2617; x_wconf 82' lang='lat' dir='ltr'><strong>cadem</strong></span> <span class='ocrx_word' id='word_1_165' title='bbox 456 2561 621 2614; x_wconf 79' lang='lat' dir='ltr'><strong>(lellcctione</strong></span> <span class='ocrx_word' id='word_1_166' title='bbox 639 2560 801 2612; x_wconf 85' lang='lat' dir='ltr'><strong>Simleriana</strong></span> <span class='ocrx_word' id='word_1_167' title='bbox 820 2559 858 2626; x_wconf 86' lang='lat' dir='ltr'><strong>(S.</strong></span> <span class='ocrx_word' id='word_1_168' title='bbox 879 2561 945 2613; x_wconf 83' lang='lat' dir='ltr'><strong>Mac.</strong></span> <span class='ocrx_word' id='word_1_169' title='bbox 963 2563 1017 2628; x_wconf 88' lang='lat' dir='ltr'><strong>ll.)</strong></span> <span class='ocrx_word' id='word_1_170' title='bbox 1037 2563 1226 2630; x_wconf 75' lang='lat' dir='ltr'><strong>apographum</strong></span> <span class='ocrx_word' id='word_1_171' title='bbox 1246 2561 1312 2612; x_wconf 86' lang='lat' dir='ltr'><strong>milri</strong></span> <span class='ocrx_word' id='word_1_172' title='bbox 1330 2561 1456 2625; x_wconf 80' lang='lat' dir='ltr'><strong>benigne</strong></span> 
     </span>
     <span class='ocr_line' id='line_1_23' title="bbox 317 2649 741 2714; baseline -0.007 -12"><span class='ocrx_word' id='word_1_173' title='bbox 317 2651 423 2704; x_wconf 85' lang='lat' dir='ltr'><strong>curavit</strong></span> <span class='ocrx_word' id='word_1_174' title='bbox 442 2649 479 2706; x_wconf 80' lang='lat' dir='ltr'><strong>et.</strong></span> <span class='ocrx_word' id='word_1_175' title='bbox 500 2649 533 2702; x_wconf 87' lang='lat' dir='ltr'><strong>V.</strong></span> <span class='ocrx_word' id='word_1_176' title='bbox 555 2651 741 2714; x_wconf 73' lang='lat' dir='ltr'><strong>Voeoettoor.</strong></span> 
     </span>
    </p>
   </div>
   <div class='ocr_carea' id='block_1_8' title="bbox 531 2767 1133 2853">
    <p class='ocr_par' dir='ltr' id='par_1_9' title="bbox 531 2767 1133 2853">
     <span class='ocr_line' id='line_1_24' title="bbox 531 2767 1133 2853; baseline 0.005 -25"><span class='ocrx_word' id='word_1_177' title='bbox 531 2767 608 2853; x_wconf 81' lang='lat' dir='ltr'><strong>(Ad</strong></span> <span class='ocrx_word' id='word_1_178' title='bbox 631 2768 788 2832; x_wconf 72' lang='lat' dir='ltr'><strong>[arannem</strong></span> <span class='ocrx_word' id='word_1_179' title='bbox 809 2767 1133 2853; x_wconf 71' lang='lat' dir='ltr'><strong>Oecalampadtitm.)</strong></span> 
     </span>
    </p>
   </div>
   <div class='ocr_carea' id='block_1_9' title="bbox 210 2887 1457 4519">
    <p class='ocr_par' dir='ltr' id='par_1_10' title="bbox 210 2887 1457 4519">
     <span class='ocr_line' id='line_1_25' title="bbox 297 2887 1455 2973; baseline 0.002 -25"><span class='ocrx_word' id='word_1_180' title='bbox 297 2887 445 2948; x_wconf 89' lang='lat' dir='ltr'><strong>Substitit</strong></span> <span class='ocrx_word' id='word_1_181' title='bbox 467 2887 521 2947; x_wconf 89' lang='lat' dir='ltr'><strong>hic</strong></span> <span class='ocrx_word' id='word_1_182' title='bbox 545 2888 666 2964; x_wconf 89' lang='lat' dir='ltr'><strong>aliquot</strong></span> <span class='ocrx_word' id='word_1_183' title='bbox 689 2889 759 2947; x_wconf 88' lang='lat' dir='ltr'><strong>dies</strong></span> <span class='ocrx_word' id='word_1_184' title='bbox 783 2889 835 2948; x_wconf 91' lang='lat' dir='ltr'><strong>hic</strong></span> <span class='ocrx_word' id='word_1_185' title='bbox 867 2890 1010 2960; x_wconf 91' lang='lat' dir='ltr'><strong>iuvenis,</strong></span> <span class='ocrx_word' id='word_1_186' title='bbox 1044 2897 1078 2949; x_wconf 93' lang='grc' dir='ltr'><strong>ιιι</strong></span> <span class='ocrx_word' id='word_1_187' title='bbox 1100 2891 1271 2950; x_wconf 89' lang='lat' dir='ltr'><strong>Lutherum</strong></span> <span class='ocrx_word' id='word_1_188' title='bbox 1301 2896 1364 2949; x_wconf 89' lang='lat' dir='ltr'><strong>turn</strong></span> <span class='ocrx_word' id='word_1_189' title='bbox 1389 2896 1455 2973; x_wconf 79' lang='lat' dir='ltr'><strong>&#39;arr-</strong></span> 
     </span>
     <span class='ocr_line' id='line_1_26' title="bbox 214 2989 1456 3068; baseline 0.002 -18"><span class='ocrx_word' id='word_1_190' title='bbox 214 2991 313 3060; x_wconf 80' lang='lat' dir='ltr'><strong>diret,</strong></span> <span class='ocrx_word' id='word_1_191' title='bbox 336 2997 408 3052; x_wconf 85' lang='lat' dir='ltr'><strong>¹tum</strong></span> <span class='ocrx_word' id='word_1_192' title='bbox 437 2989 597 3050; x_wconf 90' lang='lat' dir='ltr'><strong>salutaret.</strong></span> <span class='ocrx_word' id='word_1_193' title='bbox 654 2989 774 3051; x_wconf 80' lang='lat' dir='ltr'><strong>Mecum</strong></span> <span class='ocrx_word' id='word_1_194' title='bbox 805 3008 932 3067; x_wconf 87' lang='lat' dir='ltr'><strong>quoque</strong></span> <span class='ocrx_word' id='word_1_195' title='bbox 961 2994 1063 3052; x_wconf 85' lang='lat' dir='ltr'><strong>semel</strong></span> <span class='ocrx_word' id='word_1_196' title='bbox 1098 2999 1194 3068; x_wconf 90' lang='lat' dir='ltr'><strong>atque</strong></span> <span class='ocrx_word' id='word_1_197' title='bbox 1232 2993 1347 3051; x_wconf 80' lang='lat' dir='ltr'><strong>itamari</strong></span> <span class='ocrx_word' id='word_1_198' title='bbox 1377 3009 1456 3052; x_wconf 89' lang='lat' dir='ltr'><strong>cun-</strong></span> 
     </span>
     <span class='ocr_line' id='line_1_27' title="bbox 213 3094 1457 3172; baseline 0.002 -18"><span class='ocrx_word' id='word_1_199' title='bbox 213 3111 359 3172; x_wconf 75' lang='lat' dir='ltr'><strong>gressus‚</strong></span> <span class='ocrx_word' id='word_1_200' title='bbox 383 3094 472 3154; x_wconf 86' lang='lat' dir='ltr'><strong>visus</strong></span> <span class='ocrx_word' id='word_1_201' title='bbox 496 3100 545 3152; x_wconf 92' lang='lat' dir='ltr'><strong>est</strong></span> <span class='ocrx_word' id='word_1_202' title='bbox 568 3094 648 3154; x_wconf 93' lang='lat' dir='ltr'><strong>mihi</strong></span> <span class='ocrx_word' id='word_1_203' title='bbox 671 3101 701 3155; x_wconf 92' lang='lat' dir='ltr'><strong>et</strong></span> <span class='ocrx_word' id='word_1_204' title='bbox 725 3111 875 3172; x_wconf 88' lang='lat' dir='ltr'><strong>perquam</strong></span> <span class='ocrx_word' id='word_1_205' title='bbox 895 3097 1060 3158; x_wconf 86' lang='lat' dir='ltr'><strong>studiosus</strong></span> <span class='ocrx_word' id='word_1_206' title='bbox 1076 3098 1257 3166; x_wconf 88' lang='lat' dir='ltr'><strong>literarum,</strong></span> <span class='ocrx_word' id='word_1_207' title='bbox 1283 3102 1313 3155; x_wconf 85' lang='lat' dir='ltr'><strong>et</strong></span> <span class='ocrx_word' id='word_1_208' title='bbox 1328 3094 1457 3156; x_wconf 87' lang='lat' dir='ltr'><strong>amicus</strong></span> 
     </span>
     <span class='ocr_line' id='line_1_28' title="bbox 214 3197 1457 3276; baseline 0 -17"><span class='ocrx_word' id='word_1_209' title='bbox 214 3198 353 3275; x_wconf 88' lang='lat' dir='ltr'><strong>pietatis.</strong></span> <span class='ocrx_word' id='word_1_210' title='bbox 399 3197 494 3258; x_wconf 86' lang='lat' dir='ltr'><strong>Porro</strong></span> <span class='ocrx_word' id='word_1_211' title='bbox 518 3198 735 3268; x_wconf 81' lang='lat' dir='ltr'><strong>discessurus,</strong></span> <span class='ocrx_word' id='word_1_212' title='bbox 759 3202 907 3276; x_wconf 82' lang='lat' dir='ltr'><strong>rogabat,</strong></span> <span class='ocrx_word' id='word_1_213' title='bbox 930 3207 965 3260; x_wconf 89' lang='grc' dir='ltr'><strong>ιιι</strong></span> <span class='ocrx_word' id='word_1_214' title='bbox 988 3199 1098 3260; x_wconf 88' lang='lat' dir='ltr'><strong>literas</strong></span> <span class='ocrx_word' id='word_1_215' title='bbox 1123 3201 1185 3260; x_wconf 94' lang='lat' dir='ltr'><strong>sibi</strong></span> <span class='ocrx_word' id='word_1_216' title='bbox 1215 3200 1255 3260; x_wconf 87' lang='lat' dir='ltr'><strong>ad</strong></span> <span class='ocrx_word' id='word_1_217' title='bbox 1278 3207 1310 3258; x_wconf 88' lang='lat' dir='ltr'><strong>te</strong></span> <span class='ocrx_word' id='word_1_218' title='bbox 1334 3199 1457 3259; x_wconf 88' lang='lat' dir='ltr'><strong>darem.</strong></span> 
     </span>
     <span class='ocr_line' id='line_1_29' title="bbox 212 3293 1457 3380; baseline 0.001 -19"><span class='ocrx_word' id='word_1_219' title='bbox 212 3301 247 3362; x_wconf 93' lang='lat' dir='ltr'><strong>ld</strong></span> <span class='ocrx_word' id='word_1_220' title='bbox 270 3317 331 3380; x_wconf 81' lang='lat' dir='ltr'><strong>ego</strong></span> <span class='ocrx_word' id='word_1_221' title='bbox 354 3320 416 3362; x_wconf 91' lang='lat' dir='ltr'><strong>non</strong></span> <span class='ocrx_word' id='word_1_222' title='bbox 440 3301 527 3363; x_wconf 86' lang='lat' dir='ltr'><strong>illius</strong></span> <span class='ocrx_word' id='word_1_223' title='bbox 550 3307 668 3361; x_wconf 89' lang='lat' dir='ltr'><strong>tantum</strong></span> <span class='ocrx_word' id='word_1_224' title='bbox 693 3318 805 3362; x_wconf 87' lang='lat' dir='ltr'><strong>caussa</strong></span> <span class='ocrx_word' id='word_1_225' title='bbox 830 3304 1025 3378; x_wconf 82' lang='lat' dir='ltr'><strong>perlibenter·</strong></span> <span class='ocrx_word' id='word_1_226' title='bbox 1047 3304 1127 3372; x_wconf 87' lang='lat' dir='ltr'><strong>feci,</strong></span> <span class='ocrx_word' id='word_1_227' title='bbox 1146 3293 1209 3364; x_wconf 72' lang='lat' dir='ltr'><strong>‘scd</strong></span> <span class='ocrx_word' id='word_1_228' title='bbox 1233 3299 1332 3364; x_wconf 82' lang='lat' dir='ltr'><strong>officii</strong></span> <span class='ocrx_word' id='word_1_229' title='bbox 1353 3301 1457 3362; x_wconf 88' lang='lat' dir='ltr'><strong>etiarn</strong></span> 
     </span>
     <span class='ocr_line' id='line_1_30' title="bbox 212 3395 1456 3480; baseline 0.001 -16"><span class='ocrx_word' id='word_1_230' title='bbox 212 3407 276 3467; x_wconf 89' lang='lat' dir='ltr'><strong>mei</strong></span> <span class='ocrx_word' id='word_1_231' title='bbox 298 3412 383 3466; x_wconf 90' lang='lat' dir='ltr'><strong>ratus</strong></span> <span class='ocrx_word' id='word_1_232' title='bbox 415 3423 483 3464; x_wconf 89' lang='lat' dir='ltr'><strong>sum</strong></span> <span class='ocrx_word' id='word_1_233' title='bbox 506 3421 596 3473; x_wconf 88' lang='lat' dir='ltr'><strong>esse,</strong></span> <span class='ocrx_word' id='word_1_234' title='bbox 619 3419 724 3478; x_wconf 88' lang='lat' dir='ltr'><strong>neque</strong></span> <span class='ocrx_word' id='word_1_235' title='bbox 740 3405 823 3464; x_wconf 89' lang='lat' dir='ltr'><strong>nunc</strong></span> <span class='ocrx_word' id='word_1_236' title='bbox 838 3405 1028 3466; x_wconf 84' lang='lat' dir='ltr'><strong>dimitterem</strong></span> <span class='ocrx_word' id='word_1_237' title='bbox 1046 3407 1116 3466; x_wconf 88' lang='lat' dir='ltr'><strong>sine</strong></span> <span class='ocrx_word' id='word_1_238' title='bbox 1132 3395 1268 3480; x_wconf 59' lang='lat' dir='ltr'><strong>rneis&#39;ud</strong></span> <span class='ocrx_word' id='word_1_239' title='bbox 1285 3413 1316 3464; x_wconf 89' lang='lat' dir='ltr'><strong>te</strong></span> <span class='ocrx_word' id='word_1_240' title='bbox 1335 3403 1456 3465; x_wconf 89' lang='lat' dir='ltr'><strong>literis.</strong></span> 
     </span>
     <span class='ocr_line' id='line_1_31' title="bbox 212 3507 1456 3586; baseline -0.002 -18"><span class='ocrx_word' id='word_1_241' title='bbox 212 3509 351 3571; x_wconf 84' lang='lat' dir='ltr'><strong>Tametsi</strong></span> <span class='ocrx_word' id='word_1_242' title='bbox 381 3514 415 3568; x_wconf 92' lang='lat' dir='ltr'><strong>tu</strong></span> <span class='ocrx_word' id='word_1_243' title='bbox 442 3508 521 3568; x_wconf 89' lang='lat' dir='ltr'><strong>mihi</strong></span> <span class='ocrx_word' id='word_1_244' title='bbox 551 3507 697 3568; x_wconf 88' lang='lat' dir='ltr'><strong>nonnihil</strong></span> <span class='ocrx_word' id='word_1_245' title='bbox 726 3523 853 3568; x_wconf 88' lang='lat' dir='ltr'><strong>cessare</strong></span> <span class='ocrx_word' id='word_1_246' title='bbox 883 3509 1005 3569; x_wconf 84' lang='lat' dir='ltr'><strong>videris</strong></span> <span class='ocrx_word' id='word_1_247' title='bbox 1035 3509 1068 3570; x_wconf 91' lang='lat' dir='ltr'><strong>in</strong></span> <span class='ocrx_word' id='word_1_248' title='bbox 1096 3510 1158 3569; x_wconf 89' lang='lat' dir='ltr'><strong>hoc</strong></span> <span class='ocrx_word' id='word_1_249' title='bbox 1187 3524 1307 3586; x_wconf 84' lang='lat' dir='ltr'><strong>genere</strong></span> <span class='ocrx_word' id='word_1_250' title='bbox 1339 3507 1456 3569; x_wconf 85' lang='lat' dir='ltr'><strong>officii.</strong></span> 
     </span>
     <span class='ocr_line' id='line_1_32' title="bbox 211 3608 1456 3686; baseline 0 -16"><span class='ocrx_word' id='word_1_251' title='bbox 211 3609 333 3686; x_wconf 87' lang='lat' dir='ltr'><strong>Scripsi</strong></span> <span class='ocrx_word' id='word_1_252' title='bbox 355 3609 393 3670; x_wconf 88' lang='lat' dir='ltr'><strong>ad</strong></span> <span class='ocrx_word' id='word_1_253' title='bbox 418 3616 450 3669; x_wconf 95' lang='lat' dir='ltr'><strong>te</strong></span> <span class='ocrx_word' id='word_1_254' title='bbox 472 3625 530 3682; x_wconf 91' lang='lat' dir='ltr'><strong>per</strong></span> <span class='ocrx_word' id='word_1_255' title='bbox 553 3608 786 3685; x_wconf 83' lang='lat' dir='ltr'><strong>Sigemundum.</strong></span> <span class='ocrx_word' id='word_1_256' title='bbox 838 3609 963 3670; x_wconf 90' lang='lat' dir='ltr'><strong>Interea</strong></span> <span class='ocrx_word' id='word_1_257' title='bbox 984 3611 1064 3671; x_wconf 90' lang='lat' dir='ltr'><strong>nihil</strong></span> <span class='ocrx_word' id='word_1_258' title='bbox 1088 3628 1107 3670; x_wconf 88' lang='lat' dir='ltr'><strong>a</strong></span> <span class='ocrx_word' id='word_1_259' title='bbox 1131 3611 1222 3670; x_wconf 89' lang='lat' dir='ltr'><strong>vobis</strong></span> <span class='ocrx_word' id='word_1_260' title='bbox 1257 3609 1456 3686; x_wconf 77' lang='lat' dir='ltr'><strong>accepirnuS,</strong></span> 
     </span>
     <span class='ocr_line' id='line_1_33' title="bbox 212 3711 1454 3788; baseline 0 -15"><span class='ocrx_word' id='word_1_261' title='bbox 212 3729 280 3773; x_wconf 85' lang='lat' dir='ltr'><strong>cum</strong></span> <span class='ocrx_word' id='word_1_262' title='bbox 303 3713 470 3787; x_wconf 88' lang='lat' dir='ltr'><strong>utriusque</strong></span> <span class='ocrx_word' id='word_1_263' title='bbox 492 3713 537 3772; x_wconf 87' lang='lat' dir='ltr'><strong>ita</strong></span> <span class='ocrx_word' id='word_1_264' title='bbox 560 3711 783 3772; x_wconf 85' lang='lat' dir='ltr'><strong>desiderentur</strong></span> <span class='ocrx_word' id='word_1_265' title='bbox 805 3713 939 3783; x_wconf 88' lang='lat' dir='ltr'><strong>literae,</strong></span> <span class='ocrx_word' id='word_1_266' title='bbox 963 3721 997 3774; x_wconf 91' lang='grc' dir='ltr'><strong>ιιι</strong></span> <span class='ocrx_word' id='word_1_267' title='bbox 1021 3714 1139 3774; x_wconf 93' lang='lat' dir='ltr'><strong>nullius</strong></span> <span class='ocrx_word' id='word_1_268' title='bbox 1163 3714 1333 3773; x_wconf 87' lang='lat' dir='ltr'><strong>amicorum</strong></span> <span class='ocrx_word' id='word_1_269' title='bbox 1358 3728 1454 3788; x_wconf 75' lang='lat' dir='ltr'><strong>prae-</strong></span> 
     </span>
     <span class='ocr_line' id='line_1_34' title="bbox 210 3815 1456 3892; baseline -0.002 -16"><span class='ocrx_word' id='word_1_270' title='bbox 210 3822 320 3876; x_wconf 80' lang='lat' dir='ltr'><strong>terea.¹</strong></span> <span class='ocrx_word' id='word_1_271' title='bbox 354 3815 421 3892; x_wconf 83' lang='lat' dir='ltr'><strong>Ego</strong></span> <span class='ocrx_word' id='word_1_272' title='bbox 445 3823 551 3876; x_wconf 88' lang='lat' dir='ltr'><strong>autem</strong></span> <span class='ocrx_word' id='word_1_273' title='bbox 574 3831 643 3875; x_wconf 89' lang='lat' dir='ltr'><strong>curn</strong></span> <span class='ocrx_word' id='word_1_274' title='bbox 667 3817 730 3876; x_wconf 87' lang='lat' dir='ltr'><strong>alia</strong></span> <span class='ocrx_word' id='word_1_275' title='bbox 753 3815 785 3877; x_wconf 92' lang='lat' dir='ltr'><strong>in</strong></span> <span class='ocrx_word' id='word_1_276' title='bbox 808 3817 950 3876; x_wconf 87' lang='lat' dir='ltr'><strong>amicitia</strong></span> <span class='ocrx_word' id='word_1_277' title='bbox 980 3824 1086 3878; x_wconf 89' lang='lat' dir='ltr'><strong>mutua</strong></span> <span class='ocrx_word' id='word_1_278' title='bbox 1115 3817 1220 3878; x_wconf 83' lang='lat' dir='ltr'><strong>amnia</strong></span> <span class='ocrx_word' id='word_1_279' title='bbox 1244 3816 1351 3876; x_wconf 83' lang='lat' dir='ltr'><strong>olficia</strong></span> <span class='ocrx_word' id='word_1_280' title='bbox 1375 3830 1456 3881; x_wconf 80' lang='lat' dir='ltr'><strong>esse</strong></span> 
     </span>
     <span class='ocr_line' id='line_1_35' title="bbox 211 3917 1456 3996; baseline 0.002 -18"><span class='ocrx_word' id='word_1_281' title='bbox 211 3920 330 3980; x_wconf 83' lang='lat' dir='ltr'><strong>debere</strong></span> <span class='ocrx_word' id='word_1_282' title='bbox 360 3925 481 3989; x_wconf 83' lang='lat' dir='ltr'><strong>statuo,</strong></span> <span class='ocrx_word' id='word_1_283' title='bbox 517 3925 582 3978; x_wconf 88' lang='lat' dir='ltr'><strong>tum</strong></span> <span class='ocrx_word' id='word_1_284' title='bbox 611 3919 747 3979; x_wconf 86' lang='lat' dir='ltr'><strong>maxime</strong></span> <span class='ocrx_word' id='word_1_285' title='bbox 777 3919 956 3990; x_wconf 88' lang='lat' dir='ltr'><strong>scribendi,</strong></span> <span class='ocrx_word' id='word_1_286' title='bbox 993 3920 1117 3996; x_wconf 87' lang='lat' dir='ltr'><strong>quaudo</strong></span> <span class='ocrx_word' id='word_1_287' title='bbox 1155 3936 1217 3980; x_wconf 89' lang='lat' dir='ltr'><strong>non</strong></span> <span class='ocrx_word' id='word_1_288' title='bbox 1248 3919 1324 3981; x_wconf 85' lang='lat' dir='ltr'><strong>licet</strong></span> <span class='ocrx_word' id='word_1_289' title='bbox 1354 3917 1456 3980; x_wconf 84' lang='lat' dir='ltr'><strong>aliter·</strong></span> 
     </span>
     <span class='ocr_line' id='line_1_36' title="bbox 212 4018 1453 4106; baseline 0 -24"><span class='ocrx_word' id='word_1_290' title='bbox 212 4023 363 4098; x_wconf 84' lang='lat' dir='ltr'><strong>colloqui.</strong></span> <span class='ocrx_word' id='word_1_291' title='bbox 410 4021 604 4083; x_wconf 82' lang='lat' dir='ltr'><strong>Gravissima</strong></span> <span class='ocrx_word' id='word_1_292' title='bbox 628 4021 752 4082; x_wconf 87' lang='lat' dir='ltr'><strong>adllixit</strong></span> <span class='ocrx_word' id='word_1_293' title='bbox 780 4038 832 4081; x_wconf 89' lang='lat' dir='ltr'><strong>me</strong></span> <span class='ocrx_word' id='word_1_294' title='bbox 854 4021 908 4082; x_wconf 89' lang='lat' dir='ltr'><strong>hic</strong></span> <span class='ocrx_word' id='word_1_295' title='bbox 931 4021 1049 4083; x_wconf 86' lang='lat' dir='ltr'><strong>Neseni</strong></span> <span class='ocrx_word' id='word_1_296' title='bbox 1062 4021 1086 4106; x_wconf 77' lang='grc'><strong>1)</strong></span> <span class='ocrx_word' id='word_1_297' title='bbox 1119 4018 1231 4098; x_wconf 85' lang='lat' dir='ltr'><strong>optimi</strong></span> <span class='ocrx_word' id='word_1_298' title='bbox 1254 4021 1316 4083; x_wconf 87' lang='lat' dir='ltr'><strong>viri</strong></span> <span class='ocrx_word' id='word_1_299' title='bbox 1339 4021 1453 4082; x_wconf 87' lang='lat' dir='ltr'><strong>interi-</strong></span> 
     </span>
     <span class='ocr_line' id='line_1_37' title="bbox 212 4123 1454 4201; baseline 0.002 -17"><span class='ocrx_word' id='word_1_300' title='bbox 212 4131 278 4196; x_wconf 89' lang='lat' dir='ltr'><strong>tus,</strong></span> <span class='ocrx_word' id='word_1_301' title='bbox 309 4132 342 4184; x_wconf 89' lang='lat' dir='ltr'><strong>et</strong></span> <span class='ocrx_word' id='word_1_302' title='bbox 364 4126 446 4185; x_wconf 87' lang='lat' dir='ltr'><strong>baud</strong></span> <span class='ocrx_word' id='word_1_303' title='bbox 470 4125 554 4192; x_wconf 85' lang='lat' dir='ltr'><strong>seio,</strong></span> <span class='ocrx_word' id='word_1_304' title='bbox 583 4141 621 4184; x_wconf 87' lang='lat' dir='ltr'><strong>au</strong></span> <span class='ocrx_word' id='word_1_305' title='bbox 645 4124 678 4184; x_wconf 92' lang='lat' dir='ltr'><strong>in</strong></span> <span class='ocrx_word' id='word_1_306' title='bbox 702 4125 766 4184; x_wconf 89' lang='lat' dir='ltr'><strong>vita</strong></span> <span class='ocrx_word' id='word_1_307' title='bbox 791 4126 962 4201; x_wconf 89' lang='lat' dir='ltr'><strong>quidquam</strong></span> <span class='ocrx_word' id='word_1_308' title='bbox 989 4126 1138 4186; x_wconf 83' lang='lat' dir='ltr'><strong>&#39;acerbius</strong></span> <span class='ocrx_word' id='word_1_309' title='bbox 1169 4125 1330 4185; x_wconf 85' lang='lat' dir='ltr'><strong>acciderit.</strong></span> <span class='ocrx_word' id='word_1_310' title='bbox 1373 4123 1454 4186; x_wconf 79' lang='lat' dir='ltr'><strong>Erat</strong></span> 
     </span>
     <span class='ocr_line' id='line_1_38' title="bbox 212 4225 1451 4306; baseline 0.002 -20"><span class='ocrx_word' id='word_1_311' title='bbox 212 4225 296 4288; x_wconf 91' lang='lat' dir='ltr'><strong>enim</strong></span> <span class='ocrx_word' id='word_1_312' title='bbox 319 4228 375 4286; x_wconf 92' lang='lat' dir='ltr'><strong>ille</strong></span> <span class='ocrx_word' id='word_1_313' title='bbox 400 4233 468 4288; x_wconf 86' lang='lat' dir='ltr'><strong>cuni</strong></span> <span class='ocrx_word' id='word_1_314' title='bbox 491 4234 622 4304; x_wconf 88' lang='lat' dir='ltr'><strong>propter</strong></span> <span class='ocrx_word' id='word_1_315' title='bbox 644 4227 836 4304; x_wconf 85' lang='lat' dir='ltr'><strong>singularem</strong></span> <span class='ocrx_word' id='word_1_316' title='bbox 858 4230 1050 4306; x_wconf 87' lang='lat' dir='ltr'><strong>probitatem</strong></span> <span class='ocrx_word' id='word_1_317' title='bbox 1080 4227 1205 4306; x_wconf 86' lang='lat' dir='ltr'><strong>dignus.</strong></span> <span class='ocrx_word' id='word_1_318' title='bbox 1228 4229 1360 4288; x_wconf 91' lang='lat' dir='ltr'><strong>meliore</strong></span> <span class='ocrx_word' id='word_1_319' title='bbox 1386 4226 1451 4290; x_wconf 86' lang='lat' dir='ltr'><strong>lor-</strong></span> 
     </span>
     <span class='ocr_line' id='line_1_39' title="bbox 210 4331 1450 4401; baseline 0.005 -15"><span class='ocrx_word' id='word_1_320' title='bbox 210 4337 302 4401; x_wconf 85' lang='lat' dir='ltr'><strong>tuna‚</strong></span> <span class='ocrx_word' id='word_1_321' title='bbox 325 4338 389 4391; x_wconf 91' lang='lat' dir='ltr'><strong>turn</strong></span> <span class='ocrx_word' id='word_1_322' title='bbox 412 4331 491 4391; x_wconf 91' lang='lat' dir='ltr'><strong>mihi</strong></span> <span class='ocrx_word' id='word_1_323' title='bbox 515 4346 607 4391; x_wconf 87' lang='lat' dir='ltr'><strong>nemo</strong></span> <span class='ocrx_word' id='word_1_324' title='bbox 632 4331 685 4392; x_wconf 86' lang='lat' dir='ltr'><strong>hic</strong></span> <span class='ocrx_word' id='word_1_325' title='bbox 707 4331 766 4392; x_wconf 86' lang='lat' dir='ltr'><strong>luit</strong></span> <span class='ocrx_word' id='word_1_326' title='bbox 790 4331 997 4394; x_wconf 81' lang='lat' dir='ltr'><strong>coiriunctiar.</strong></span> <span class='ocrx_word' id='word_1_327' title='bbox 1053 4333 1192 4392; x_wconf 84' lang='lat' dir='ltr'><strong>Lutlrcro</strong></span> <span class='ocrx_word' id='word_1_328' title='bbox 1216 4343 1268 4391; x_wconf 88' lang='lat' dir='ltr'><strong>res</strong></span> <span class='ocrx_word' id='word_1_329' title='bbox 1293 4331 1354 4393; x_wconf 89' lang='lat' dir='ltr'><strong>erit</strong></span> <span class='ocrx_word' id='word_1_330' title='bbox 1377 4347 1450 4392; x_wconf 89' lang='lat' dir='ltr'><strong>curn</strong></span> 
     </span>
     <span class='ocr_line' id='line_1_40' title="bbox 210 4427 1449 4519; baseline 0 -25"><span class='ocrx_word' id='word_1_331' title='bbox 210 4431 429 4494; x_wconf 87' lang='lat' dir='ltr'><strong>Carolostadio</strong></span> <span class='ocrx_word' id='word_1_332' title='bbox 452 4437 527 4519; x_wconf 78' lang='grc' dir='ltr'><strong><em>περὶ</em></strong></span> <span class='ocrx_word' id='word_1_333' title='bbox 549 4427 760 4517; x_wconf 74' lang='grc' dir='ltr'><strong>εὖχαριστίας.</strong></span> <span class='ocrx_word' id='word_1_334' title='bbox 812 4435 849 4497; x_wconf 81' lang='lat' dir='ltr'><strong>Et</strong></span> <span class='ocrx_word' id='word_1_335' title='bbox 879 4435 1062 4496; x_wconf 88' lang='lat' dir='ltr'><strong>universum</strong></span> <span class='ocrx_word' id='word_1_336' title='bbox 1092 4435 1255 4512; x_wconf 84' lang='lat' dir='ltr'><strong>negotium</strong></span> <span class='ocrx_word' id='word_1_337' title='bbox 1277 4433 1449 4510; x_wconf 77' lang='lat' dir='ltr'><strong>Evangeli-</strong></span> 
     </span>
    </p>
   </div>
   <div class='ocr_carea' id='block_1_10' title="bbox 295 4622 1000 4690">
    <p class='ocr_par' dir='ltr' id='par_1_11' title="bbox 295 4622 1000 4690">
     <span class='ocr_line' id='line_1_41' title="bbox 295 4622 1000 4690; baseline 0.006 -17"><span class='ocrx_word' id='word_1_338' title='bbox 295 4622 323 4690; x_wconf 86' lang='lat'><strong>1)</strong></span> <span class='ocrx_word' id='word_1_339' title='bbox 347 4623 416 4678; x_wconf 83' lang='lat' dir='ltr'><strong>Nota</strong></span> <span class='ocrx_word' id='word_1_340' title='bbox 437 4624 560 4677; x_wconf 83' lang='lat' dir='ltr'><strong>Slmleri:</strong></span> <span class='ocrx_word' id='word_1_341' title='bbox 587 4623 711 4674; x_wconf 80' lang='lat' dir='ltr'><strong>Neuenus</strong></span> <span class='ocrx_word' id='word_1_342' title='bbox 730 4637 801 4687; x_wconf 83' lang='lat' dir='ltr'><strong>aqua</strong></span> <span class='ocrx_word' id='word_1_343' title='bbox 818 4623 904 4690; x_wconf 88' lang='lat' dir='ltr'><strong>periit</strong></span> <span class='ocrx_word' id='word_1_344' title='bbox 924 4623 1000 4678; x_wconf 72' lang='lat' dir='ltr'><strong>taen.</strong></span> 
     </span>
    </p>
   </div>
   <div class='ocr_carea' id='block_1_11' title="bbox 0 0 1564 5205">
    <p class='ocr_par' dir='ltr' id='par_1_12' title="bbox 0 0 1564 5205">
     <span class='ocr_line' id='line_1_42' title="bbox 0 0 1564 5205; baseline 0 0"><span class='ocrx_word' id='word_1_345' title='bbox 0 0 1564 5205; x_wconf 95' lang='lat' dir='ltr'><strong> </strong></span> 
     </span>
    </p>
   </div>
  </div>
 </body>
</html>
