3084 5208
490 327 735 381 surruauuara
756 331 837 382 arm
867 333 942 386 maa.
1277 315 1339 385 ιιι

116 479 216 556 ἄλλους
236 484 463 566 χορηγοῦντας,
488 486 545 545 sed
568 487 669 547 Deum
693 503 818 548 oremus
841 494 875 547 ut
898 478 990 550 nobis
1015 490 1107 550 adsit.
1152 491 1239 550 Bene
1256 489 1336 552 vale.

116 589 139 646 8.
158 587 278 664 augusti
301 583 424 670 (1538).

823 693 990 771 Philippus
1014 694 1207 755 Melanthon.

115 912 174 970 ιιι.
205 912 380 972 aarum.
427 917 506 988 (ror.
519 917 572 974 111.
595 937 624 990 p.
642 915 726 988 aar.)
824 881 826 884 ’
1199 919 1335 993 arsag.

203 997 374 1026 Μ
1206 1009 1327 1034 Μ

265 1093 451 1160 ilenrico-5
477 1092 716 1184 Bullinperua
751 1089 801 1160 od
826 1090 1165 1164 Metoactttonem.

169 1221 364 1288 apographon,
386 1223 457 1286 quod
477 1239 525 1288 par
538 1224 570 1278 V,
586 1222 656 1272 Glar.
672 1223 848 1287 Voegeliuum
864 1240 878 1274 o
892 1223 992 1288 Tiguro
1008 1226 1110 1291 accepi,
1128 1225 1266 1291 signatam
1280 1235 1335 1280 est:

200 1305 288 1372 Epist.
309 1307 338 1358 T.
352 1310 373 1360 Ι.
393 1325 423 1376 p.
436 1309 494 1361 176.
516 1307 590 1362 Cast.
611 1308 640 1360 G.
662 1310 744 1362 Arob.
763 1309 834 1360 Eccl.
855 1309 916 1374 Tig.
937 1325 971 1360 ex
990 1317 1098 1376 autogr.

126 1421 309 1488 clarissimo
336 1424 433 1500 Viro,
455 1425 500 1489 D.
525 1427 685 1510 Philippo
711 1424 981 1500 Meeaaclttaat,
1004 1437 1109 1493 amico
1132 1437 1313 1511 singulari.

184 1539 383 1608 Gratiam'ct
417 1549 629 1608 innocentiam
663 1550 748 1608 vitae
772 1569 789 1608 a
812 1550 958 1610 Domino.
1012 1551 1122 1612 Mirum
1147 1561 1211 1622 est,
1243 1573 1335 1630 quam

108 1655 167 1708 tuas
189 1652 340 1720 virtuteS,
364 1651 513 1726 Philippe
536 1651 731 1720 clarissime,
755 1659 840 1712 luam
864 1654 895 1712 ln
920 1653 1115 1714 instituendo
1141 1673 1176 1714 se
1200 1657 1334 1734 diligen-

106 1749 189 1820 tiam,
220 1760 250 1811 et
283 1753 426 1830 ingentia
455 1760 509 1813 tua
540 1754 695 1814 teireficia
732 1753 922 1830 praedicarit
963 1757 1054 1816 uobis
1086 1758 1231 1819 orrrnibus
1261 1761 1334 1819 Otto

105 1853 254 1931 noster¹):
280 1857 334 1932 qrri
359 1863 390 1914 et
416 1856 595 1917 eruditione
621 1857 703 1915 baud
729 1855 850 1932 vulgari
877 1865 908 1916 et
932 1861 1071 1918 moribus
1095 1863 1214 1920 sanctis
1230 1862 1334 1922 civili-

106 1957 228 2031 busque,
253 1959 338 2032 quod
354 1959 562 2034 praedicarat,
586 1960 792 2034 approbabat.
825 1961 882 2019 Pro
904 1961 1020 2034 qrribus
1035 1959 1181 2022 omnibus
1196 1966 1335 2026 omnium

104 2066 233 2120 nostrum
257 2059 402 2131 nourine,
427 2063 563 2138 graliaS,
596 2079 674 2138 claras
698 2079 847 2138 possam,
862 2079 864 2084 ·
880 2065 1031 2123 ruaximas
1056 2081 1125 2140 ago.
1150 2100 1190 2109 -
1214 2065 1334 2128 Eucha-

104 2160 205 2222 ristiae
229 2165 392 2240 negotium
416 2163 549 2226 arbitror
572 2167 662 2225 brevi
685 2163 753 2225 fore
778 2166 809 2224 iu
834 2171 912 2224 tuto.
964 2165 1039 2226 Nam
1069 2167 1182 2228 fratres
1213 2173 1333 2247 Argen-

104 2271 272 2327 toratenses
297 2269 405 2328 testati
430 2277 517 2339 sunt,
554 2269 795 2329 Coralessionem
826 2276 963 2329 nostram
989 2277 1020 2329 et
1044 2285 1136 2346 quam
1161 2271 1193 2332 ei
1216 2290 1332 2350 appen-

106 2368 197 2428 dimus
221 2373 467 2447 explicationem
491 2369 638 2432 Basileae
667 2371 707 2431 de
732 2371 910 2433 blinisterio
942 2379 972 2431 et
996 2371 1029 2432 vi
1054 2374 1141 2434 verbi
1165 2392 1201 2434 ac
1224 2375 1333 2436 Sacra-

106 2477 268 2533 mentornm
299 2474 526 2551 conscriptam,
557 2483 588 2535 et
611 2477 646 2536 D.
671 2477 808 2535 Luthero
840 2475 1097 2536 Schmalkaldiae
1130 2479 1283 2549 oblatam,
1314 2498 1333 2540 a

107 2575 187 2634 vobis
209 2595 270 2637 uon
296 2577 480 2654 improbari.
515 2577 723 2654 Suspiciones
747 2579 894 2647 fortassis
918 2586 1045 2639 restam.
1081 2581 1227 2640 Ceterrrm
1248 2583 1333 2656 quod

107 2695 155 2738 uos
177 2679 305 2751 attinet,
337 2683 381 2744 ita
404 2699 444 2744 ex
467 2684 571 2743 auimo
596 2683 771 2752 credimus,
804 2689 834 2742 et
859 2684 906 2742 ita
929 2683 1034 2759 palam
1057 2683 1206 2744 docemus
1238 2687 1331 2746 nobis
1377 2713 1381 2719 ·

106 2785 277 2844 cornrnissas
300 2783 480 2856 Ecclesias,
511 2786 772 2861 quemadmodum
804 2786 1014 2846 Corriessione
1046 2791 1076 2845 et
1106 2785 1329 2863 Explicatione

106 2882 158 2943 ista
183 2888 264 2962 apud
298 2907 354 2947 vos
386 2907 492 2949 surinus
520 2889 670 2949 coalessi.
722 2888 849 2948 interim
879 2909 940 2949 aron
973 2889 1151 2950 dubitamus
1182 2891 1330 2952 oberrare

105 2988 168 3046 mali
190 2992 278 3066 genii
302 2993 478 3067 marmipia,
504 3009 585 3066 quae
609 2991 775 3052 calumniis
801 3000 832 3050 et
853 2991 1137 3053 obtrectationibus
1154 2987 1329 3055 vestrorum

106 3091 213 3151 animos
239 3094 271 3152 in
296 3102 422 3155 nostros
446 3097 637 3156 exacerbare
661 3113 723 3154 non
747 3095 903 3155 desinant.
937 3095 1125 3171 deperimus
1146 3097 1331 3172 enimapud

107 3205 154 3253 nos
168 3213 403 3272 nonuunquam,
429 3199 483 3274 qui
502 3197 649 3274 frigidam
666 3198 897 3266 suffunderent,
923 3197 1156 3272 classicumque
1170 3208 1328 3266 canerent,

107 3293 129 3352 si
148 3297 231 3358 locus
254 3300 382 3359 daretur
404 3301 593 3363 certamini·
614 3302 791 3362 Didicimas
812 3308 934 3369 autem,
958 3301 1077 3359 uallum
1093 3301 1328 3362 concedendurn

108 3395 171 3456 esse
190 3404 409 3464 calumniatori
433 3405 545 3465 locum
582 3405 666 3463 ldem
691 3405 773 3463 baud
798 3403 895 3463 dubie
919 3403 984 3478 ipsi
1009 3419 1136 3479 quoque
1159 3402 1329 3465 didicistis.

107 3497 211 3564 Extulit
237 3525 295 3566 nos
318 3506 436 3568 Divina
460 3509 630 3568 clementia
659 3509 690 3568 in
715 3523 792 3568 suae
815 3506 979 3566 Ecclesiae
1004 3506 1224 3566 ministerium.
1270 3508 1328 3567 Re-

109 3603 191 3674 spicit
218 3609 249 3668 in
278 3628 336 3670 nos
366 3617 399 3669 ut
429 3609 538 3687 gregis
574 3609 771 3686 exemplaria
800 3616 831 3669 et
861 3611 1021 3686 sapientia
1057 3609 1221 3686 praeditos
1250 3629 1330 3688 grex

109 3701 227 3768 Domini.
273 3718 311 3772 At
334 3715 435 3774 Divus
459 3715 601 3783 lacobus
627 3715 697 3789 qais
722 3714 863 3790 sapiens,
889 3714 1002 3788 inquit,
1026 3720 1058 3772 et
1082 3713 1219 3774 scientia
1234 3733 1329 3790 prae-

109 3805 181 3870 ditus
203 3811 281 3875 iliter
304 3813 387 3877 vos?
419 3819 564 3877 ostendat
595 3833 634 3877 ex
664 3820 746 3877 bona
776 3818 1021 3877 couversatione
1056 3832 1154 3892 opera
1178 3835 1235 3878 sua
1259 3836 1328 3879 cum

109 3920 332 3979 mausuetudine
355 3911 543 3996 sapientiae.
590 3919 678 3990 Quod
703 3922 731 3979 si
755 3919 1001 3990 aenmlationem
1030 3937 1167 3980 amaram
1190 3921 1327 3992 habetis,

111 4017 137 4071 et
157 4022 382 4081 contentionem
406 4020 438 4081 in
462 4023 557 4081 corde
583 4030 705 4091 restro,
730 4023 830 4081 nolite
854 4021 986 4098 gloriari
1007 4029 1037 4080 et
1060 4021 1228 4082 mendaces
1253 4040 1327 4084 esse

110 4115 243 4182 adversus
267 4126 443 4184 veritatem.
497 4125 562 4186 Nou
594 4132 642 4186 est
675 4127 757 4185 euim
790 4125 852 4184 ista
874 4126 1034 4199 sapientia
1058 4141 1075 4182 e
1100 4126 1249 4200 supernis
1272 4128 1326 4186 de-

111 4221 262 4296 scendem,
292 4211 348 4286 sed
371 4235 514 4297 terrena,
545 4228 709 4298 animalis,
741 4230 955 4288 daemoniaca.
1007 4227 1067 4288 Ubi
1092 4234 1197 4288 autem
1219 4247 1326 4292 ¹aeum-

110 4319 177 4381 latio
205 4334 232 4386 et
259 4331 438 4398 contentio,
475 4329 519 4390 ibi
550 4335 658 4392 turbae
689 4339 720 4390 et
751 4345 842 4390 omne
882 4347 961 4405 opas
999 4347 1136 4406 pravum.
1192 4331 1279 4402 Quae
1309 4349 1327 4392 e

113 4431 240 4498 supernis
265 4440 314 4492 est
338 4431 516 4508 sapientia,
542 4433 687 4510 inprimis
711 4441 835 4512 puroet
852 4449 984 4509 syncera
1000 4439 1064 4502 est,
1089 4435 1223 4512 pacifica
1239 4437 1325 4508 item,

113 4561 292 4580 Ἣ,-

186 4631 208 4697 l)
232 4637 453 4692 Werdmttlleruo.
