3072 5208
231 367 301 440 238
623 378 868 434 surrrxurum
887 379 970 431 nrm
991 381 1068 438 1546.

233 551 265 604 et
294 547 440 604 favorem
471 557 561 600 suum
593 537 678 599 circa
708 539 769 598 hoc
799 539 886 597 Deus
915 537 1099 613 praestabit.
1161 536 1234 596 Nam
1277 535 1361 597 sicut
1388 539 1462 596 bona

233 667 330 727 opera
359 653 448 723 grata
478 650 550 706 sunt
572 650 603 703 et
624 643 694 703 Deo
718 645 866 717 accepta:
895 637 940 700 ita
982 646 1013 699 et
1036 641 1238 716 malaopera
1261 641 1330 701 Doo
1359 637 1462 715 displi-

233 751 487 828 semetipsum
511 747 680 808 offendunt.
732 745 770 805 lit
814 744 875 804 ista
905 741 968 803 erit
991 743 1114 803 Corona
1142 749 1214 813 tua,
1243 758 1463 820 praeservasse

233 858 363 919 Missam
386 861 418 914 et
441 851 555 912 tollere
578 851 714 916 abusus,
738 855 771 908 et
794 847 948 907 reducere
973 846 1011 906 ad
1038 845 1205 907 veritatem
1227 843 1415 922 Evangelii,
1435 851 1463 904 et

233 961 317 1036 apud
339 959 433 1019 deum
457 963 489 1014 et
512 951 668 1013 homines.
1070 967 1073 975 ·

321 1063 404 1124 ldern
427 1059 501 1119 dico
525 1055 685 1116 deCoena
700 1050 846 1121 Domini,
870 1065 965 1125 quam
989 1051 1113 1113 asseris
1129 1049 1461 1113 commemorationem.

234 1169 298 1232 Sed
316 1174 476 1240 utcunque
493 1159 545 1230 sit,
571 1164 621 1218 est
645 1153 795 1231 quaestio
820 1169 917 1230 super
938 1156 1047 1215 verbis
1071 1155 1209 1217 reddens
1232 1155 1380 1216 homines
1400 1171 1462 1213 con-

234 1277 324 1335 fusos
348 1275 380 1330 et
402 1268 495 1328 deum
521 1259 698 1328 offendunt,
722 1263 912 1332 vestemque
928 1255 1048 1317 Christi
1073 1256 1303 1319 inconsutilem
1327 1255 1464 1317 scindunt

236 1387 269 1438 et
291 1374 373 1436 nihil
395 1366 547 1432 utilitatis
569 1363 714 1425 afferunt.
749 1361 804 1422 Est
826 1367 933 1422 tamen
957 1361 1064 1422 Coena
1086 1363 1215 1423 Domini
1240 1370 1272 1423 et
1292 1358 1463 1423 mandatum

236 1477 371 1550 Christi,
403 1473 458 1551 qui
488 1487 558 1532 cum
589 1473 677 1528 essct
700 1464 788 1526 Deus
821 1472 853 1524 et
881 1466 977 1526 homo
1008 1465 1079 1527 sine
1103 1465 1271 1527 mendacio
1303 1464 1463 1543 reperitur,

237 1603 308 1646 curn
330 1587 421 1659 pater
443 1569 603 1637 mendacii
624 1568 668 1629 sit
692 1565 857 1636 diabolus,
881 1567 977 1634 immo
1002 1575 1052 1630 est
1075 1553 1181 1645 ipsum
1205 1567 1413 1636 mendacium,
1436 1570 1464 1623 et

236 1688 381 1750 Christus
406 1687 455 1742 est
478 1678 550 1755 ipsa
572 1673 700 1733 Veritas
725 1677 758 1730 ot
780 1669 874 1731 Pater
896 1671 1059 1732 Veritatis.
1114 1671 1186 1749 lpse
1215 1688 1297 1732 nunc
1328 1670 1463 1731 Christus

237 1791 318 1852 dixit
340 1791 373 1849 in
395 1778 588 1860 Evangelio,
614 1774 699 1852 quod
722 1773 790 1844 ille,
814 1772 871 1848 qui
894 1792 956 1834 non
979 1775 1147 1836 manducat
1173 1791 1303 1836 carnem
1327 1777 1464 1834 suamet

236 1891 318 1954 bibit
346 1886 419 1947 eius
449 1881 652 1959 sanguinem,
685 1891 747 1937 non
778 1871 907 1936 habehit
938 1875 1037 1938 vitam
1067 1884 1238 1938 aeternam.
1291 1877 1406 1938 Postea
1437 1872 1464 1932 in

236 1995 349 2056 ultima
372 1992 479 2050 Coena
500 1969 583 2045 dixit
605 1977 776 2056 discipulis
800 1976 886 2048 suis,
917 1986 1050 2056 accepto
1081 1997 1182 2057 pane,
1215 1977 1336 2057 gratias
1366 1993 1464 2054 agens,

237 2103 299 2161 hoc
323 2102 372 2157 est
394 2093 516 2168 Corpus
539 2102 653 2148 meum.
699 2084 733 2143 Si
756 2083 817 2143 hoc
840 2081 922 2142 dixit
941 2083 1072 2144 Veritas
1105 2085 1178 2161 ipsa
1208 2085 1359 2145 mandans
1388 2079 1464 2142 istud

239 2204 272 2266 in
300 2203 441 2260 futurum
467 2193 540 2254 fieri
569 2192 601 2250 in
631 2188 703 2247 eius
726 2181 1079 2257 commemorationem,
1110 2188 1150 2248 ad
1172 2186 1250 2263 quid
1274 2183 1464 2248 excitandum

240 2313 290 2367 est
319 2315 415 2380 super
444 2301 522 2366 hoc,
546 2311 587 2354 ex
617 2307 680 2367 quo
707 2289 832 2351 Veritas
862 2291 1005 2351 affirmat.
1059 2290 1147 2361 Quod
1178 2297 1285 2351 autem
1315 2285 1416 2366 possit
1437 2285 1463 2344 id

240 2411 386 2475 efficere,
409 2409 443 2463 ut
466 2400 512 2460 ibi
535 2396 578 2458 sit
602 2393 673 2454 eius
696 2393 837 2469 Corpus,
860 2391 1020 2454 Divinitas
1045 2400 1077 2453 et
1100 2395 1298 2463 humanitas,
1331 2398 1362 2452 et
1385 2387 1463 2465 quic·

240 2511 317 2590 quid
340 2506 436 2576 velit,
458 2515 622 2563 erroneum
647 2495 881 2566 addubitare,
906 2505 1064 2571 quaerere
1086 2496 1180 2556 modo
1204 2495 1375 2571 quomodo,
1399 2509 1463 2568 qua-

238 2615 314 2676 liter
337 2628 374 2672 ac
396 2607 537 2675 modum,
562 2608 593 2662 et
616 2619 656 2661 an
679 2600 712 2659 in
731 2604 851 2668 totum,
874 2617 914 2658 an
939 2599 970 2660 in
993 2606 1104 2676 parte,
1128 2606 1159 2660 et
1182 2600 1211 2658 si
1229 2613 1352 2660 amure
1371 2609 1462 2658 come-

240 2720 331 2781 datur
353 2712 429 2790 quid
452 2707 637 2773 dicendum,
661 2709 712 2764 est
734 2717 890 2777 quaerere
912 2701 1030 2764 nodum
1053 2703 1086 2762 in
1109 2703 1227 2780 scirpo.
1260 2701 1299 2762 Et
1314 2696 1463 2778 sapientia

239 2826 375 2884 humana
396 2833 455 2876 suo
478 2810 609 2890 ingenio
633 2806 794 2884 attingere
823 2824 886 2866 non
909 2812 1035 2882 potest,
1071 2795 1153 2882 quia
1176 2805 1283 2867 Pater*
1298 2799 1464 2865 reservavit

240 2927 274 2987 in
297 2941 355 2985 sua
378 2924 546 2998 potestate.
591 2912 648 2974 Pie
673 2913 758 2972 enim
781 2909 972 2970 credendum
998 2919 1062 2981 est,
1087 2919 1119 2970 et
1142 2930 1201 2988 pro
1225 2907 1403 2970 indubitato
1424 2912 1463 2964 te-

240 3029 392 3096 nendum,
424 3013 509 3100 quod
532 3022 570 3081 ab
593 3019 665 3094 ipsa
688 3015 833 3076 veritate
863 3015 1022 3090 prolatum
1045 3022 1077 3075 et
1099 3015 1286 3076 affirmatum
1308 3009 1464 3090 repertun,

240 3133 315 3208 quia
344 3124 545 3191 mendacium
574 3140 635 3182 non
656 3120 803 3197 ¹profert3
838 3133 910 3177 nam
937 3115 1011 3194 ipse
1040 3117 1123 3178 dixit
1154 3124 1185 3177 et
1215 3117 1409 3184 factasunt,
1440 3115 1465 3168 ct

240 3235 379 3297 ulterius
407 3228 534 3292 curiose
563 3243 626 3286 non
650 3237 829 3299 quaerere,
866 3221 942 3296 quia
978 3209 1120 3297 insipida
1153 3218 1285 3281 fatuitas
1322 3224 1381 3278 est.
1427 3211 1464 3273 lix

241 3337 313 3400 istis
338 3337 422 3397 enim
446 3326 707 3396 curiositatibus,
731 3340 813 3400 quae
838 3330 973 3400 possunt
996 3321 1061 3384 dici
1084 3321 1285 3392 diabolicae,
1320 3337 1392 3381 oum
1413 3316 1465 3376 sint

242 3439 501 3518 impertinentes,
537 3433 707 3493 causantur
735 3427 881 3488 infinitae
911 3425 1157 3488 corrtrarietates
1187 3425 1219 3486 in
1250 3425 1315 3486 lide
1337 3423 1463 3496 Evange-

241 3545 319 3614 lica,
343 3541 419 3618 quia
442 3546 489 3600 tot
511 3535 714 3614 reperiuntur
737 3529 918 3592 sententiae
940 3537 974 3590 et
997 3529 1187 3608 opiniones,
1218 3535 1295 3604 quot
1325 3532 1396 3587 sunt
1424 3537 1463 3582 ca·

241 3649 325 3724 pita,
362 3642 583 3718 unusquisque
622 3621 875 3698 animatorias
910 3636 942 3694 in
980 3649 1078 3694 sensu
1107 3651 1166 3694 suo
1196 3631 1236 3692 ad
1265 3645 1363 3690 verae
1399 3619 1463 3686 uoci

240 3750 453 3828 Evangelicae
483 3743 733 3806 destructionem
765 3745 797 3797 et
828 3733 1103 3799 dilacerationem.
1159 3735 1309 3796 Dicerem
1335 3735 1415 3793 bene
1440 3729 1465 3783 et

241 3855 401 3915 laudarem
425 3853 543 3912 abusus
565 3844 781 3932 tollendoset
805 3841 1004 3902 enervandas
1028 3847 1061 3900 et
1084 3840 1168 3901 idem
1191 3835 1224 3898 in
1241 3836 1376 3912 reliquis
1392 3830 1463 3893 Ceri·

241 3958 376 4026 moniis,
405 3970 488 4030 quae
515 3950 648 4011 tendunt
677 3946 717 4006 ad
747 3943 894 4005 Politiaru
926 3941 1145 4004 Christianam.
1202 3941 1242 4002 Et
1271 3939 1385 4001 Paulus
1413 3949 1463 3994 nov

243 4059 361 4122 amovit
384 4059 521 4118 Coenam
542 4049 671 4115 Domini
695 4049 761 4108 iam
784 4050 823 4108 ab
847 4045 920 4123 ipso
945 4047 1121 4107 institutam
1146 4050 1177 4104 et
1200 4058 1293 4118 quam
1317 4041 1462 4102 celebran-

243 4166 313 4226 dam
344 4161 555 4223 mandaverat.
610 4154 673 4215 Sed
699 4155 783 4212 'beno
808 4157 949 4211 conatus
979 4157 1032 4210 est
1060 4149 1176 4211 tollere
1195 4148 1323 4208 abusus
1352 4153 1463 4220 perver·

242 4273 347 4329 tentes
371 4263 496 4326 modum
520 4277 628 4321 verum
651 4257 797 4319 sumendi
818 4256 923 4332 ipsam
947 4256 1095 4318 Coenam.

328 4369 365 4430 Et
388 4370 466 4428 licet
489 4370 638 4442 peccator
661 4363 721 4423 sim
746 4367 778 4420 et
801 4359 951 4435 indignus
968 4356 1167 4417 Christianus
1188 4369 1287 4415 exoro
1302 4341 1463 4412 totocorde

245 4489 398 4535 summum
420 4460 525 4532 Deum
544 4476 576 4529 et
590 4465 761 4528 Dominum
786 4470 943 4531 nostrum,
968 4468 1002 4520 ut
1025 4461 1160 4520 animam
1182 4465 1268 4520 trram
1292 4463 1324 4516 et
1346 4455 1463 4516 aliorum

245 4576 512 4642 Christianorum,
552 4571 685 4643 sublatis
727 4567 912 4633 verbalibus
949 4563 1210 4640 quaestionibus,
1252 4569 1285 4623 et
1319 4550 1462 4634 sapientia

243 4682 380 4740 humana
409 4680 513 4738 amota
543 4672 703 4734 illuminet
732 4671 771 4733 ad
801 4685 909 4730 veram
943 4667 1202 4727 rotundationem
1230 4665 1366 4746 Politice
1382 4652 1460 4716 chri-
