3064 5206
492 291 739 346 surrentinum
759 290 843 346 auur
861 294 938 350 rese.
1120 327 1122 332 -
1265 277 1332 346 eall

93 458 123 512 ct
143 453 248 512 locum
273 458 304 511 et
329 457 455 527 tempus
492 448 553 510 tibi
578 449 778 510 statuendum
815 451 1039 527 permittimus.
1085 452 1221 515 Bessum
1246 450 1327 514 nihil

91 555 201 614 dubito
234 554 481 630 approbaturum
503 567 575 612 esse
608 558 746 611 uestrum
781 553 843 614 lroc
866 553 1045 621 consilium.
1085 562 1117 618 et
1153 556 1328 633 plerosque

91 655 171 718 alios
194 657 291 718 nobis
318 655 371 714 iric
394 655 518 716 viciuos
541 653 693 724 Comites,
724 671 856 729 quorum
887 674 949 716 non
982 665 1159 734 postremus
1192 666 1241 719 est
1276 658 1329 718 Er·

91 757 255 819 beccensis
280 757 455 835 Georgius:
476 759 530 832 qui
556 754 633 816 milri
657 765 728 816 tuus
751 757 789 817 ad
803 744 844 817 'se
868 757 978 827 literas
1001 759 1188 830 transmisit,
1213 767 1245 820 et
1268 775 1329 838 ego

90 859 134 920 illi
159 877 247 924 meas
261 859 415 921 vicissim.
443 859 600 919 Palatinus
612 858 745 928 Elector,
768 858 824 918 Vir
846 859 991 936 alioquin
1016 865 1126 932 benus,
1140 863 1325 940 nobispro

90 963 260 1039 pemodum
284 966 499 1036 abreptusast
521 963 638 1030 abiis,
663 963 717 1036 qui
740 957 777 1023 τὰ
789 963 953 1043 πανταχοῦ
975 955 1057 1028 εἶναι
1079 961 1115 1027 τὸ
1128 967 1221 1046 σῶμα
1243 981 1331 1026 acer·

90 1063 169 1124 rime
194 1073 405 1142 propugnant.
450 1063 539 1133 Quod
571 1062 609 1123 ad
634 1078 684 1122 me
708 1062 838 1133 attinet,
871 1067 1007 1140 optarim
1030 1067 1204 1126 accelerari
1228 1082 1330 1143 posse

90 1165 308 1242 colloquium,
339 1169 522 1244 priusquam
551 1181 603 1226 nre
635 1167 666 1226 in
691 1167 823 1227 Patrium
862 1167 1030 1230 conteram.
1075 1169 1204 1230 Multum
1242 1171 1330 1232 euim

90 1285 127 1329 ea
152 1285 204 1328 res
229 1269 349 1330 Patriae
374 1284 500 1344 quoque
521 1283 611 1328 mene
634 1269 787 1344 prodesse
810 1277 930 1344 posset.
964 1271 1003 1331 Et
1025 1279 1231 1348 posteaquam
1255 1289 1330 1333 nun·

90 1373 154 1433 lius
177 1387 269 1432 meus
288 1371 430 1432 nondum
455 1369 560 1446 rediit,
584 1384 698 1430 uereor
721 1387 760 1430 ne
785 1372 866 1431 lmuc
889 1373 1024 1434 hiemem
1049 1373 1153 1433 adbuc
1176 1373 1231 1439 hie
1253 1376 1339 1435 bae-.

90 1489 163 1534 rere
185 1491 287 1551 cogar.
335 1473 421 1542 Vale,
445 1480 484 1532 et
506 1483 575 1540 ero,
599 1479 632 1532 ut
658 1489 707 1533 me
727 1474 769 1532 dc
793 1481 847 1535 luo
871 1472 977 1536 animo
999 1475 1101 1538 iacias
1121 1474 1227 1550 primo
1252 1494 1329 1553 quo·

89 1591 151 1652 que
174 1584 319 1650 tempore
341 1573 519 1635 certiorem.

178 1677 333 1740 Dominus
356 1679 411 1738 dct
432 1675 527 1739 uobis
550 1676 705 1754 Spiritum
729 1676 975 1756 resipiscentiae
1010 1677 1086 1761 (qua
1107 1686 1197 1757 parte
1222 1695 1334 1755 pecea-

89 1783 186 1854 mus,)
212 1786 244 1840 el
268 1779 478 1858 irnperliut¹),
508 1785 544 1840 ul
566 1779 686 1857 pariter
709 1798 819 1842 omnes
855 1788 958 1842 errata
981 1791 1333 1859 nostraagnoseamus,

90 1881 282 1958 corrigique
305 1883 473 1956 patiamur.
518 1883 689 1945 Doctrinae
718 1881 863 1953 dissidia,
896 1901 952 1960 per
975 1883 1048 1944 eius
1068 1883 1217 1960 qratiam,
1250 1901 1330 1945 cem·

90 2000 249 2060 ponamus
270 1983 387 2055 omnia,
411 1993 444 2044 et
466 1985 666 2048 abalienatos
690 1985 824 2046 aliorum
848 1989 886 2046 ab
900 1987 1111 2048 eliisaninros
1134 1986 1236 2047 amice
1259 2004 1332 2048 een·

91 2087 250 2150 eilicmns.
294 2087 399 2164 thue
436 2105 493 2166 per
515 2107 573 2150 nos
606 2089 660 2150 hic
693 2105 804 2149 ornnes
828 2087 916 2151 aliud
940 2107 1000 2150 non
1025 2095 1203 2166 quaeratur,
1237 2105 1329 2170 quem

91 2192 196 2266 gloria
217 2190 289 2261 Dei,
323 2192 425 2267 Regni
449 2191 567 2252 Glrristi
601 2189 630 2251 in
656 2193 723 2252 eius
748 2191 894 2254 Ecclesia
917 2193 1127 2270 propagatio,
1165 2199 1197 2253 et
1228 2191 1330 2252 inere·

91 2299 198 2354 meula
222 2300 351 2356 mutuae
374 2292 457 2354 inter
474 2313 532 2356 nes
555 2293 741 2356 dilectionis
765 2313 801 2356 ac
824 2296 966 2358 caritatis
981 2293 1190 2356 Christianae.
1222 2299 1331 2355 Amen.

181 2412 307 2488 Raptim
329 2411 524 2474 lar-aneorum
549 2419 576 2474 d.
600 2415 703 2475 livill.
728 2417 815 2490 Sept.
841 2418 931 2478 1556.

274 2539 278 2546 ·
860 2517 882 2581 Ι.
906 2537 925 2580 a
946 2521 1048 2580 Lasce
1161 2551 1162 2556 .

836 2639 928 2683 manu
951 2622 1091 2699 propriu.

93 2863 164 2924 ure.
200 2857 380 2926 necessi
410 2849 752 2942 'qvorvrrrspaarq
928 2842 931 2851 ’
1210 2865 1327 2925 noe..

299 3039 460 3111 Thermos
483 3041 697 3110 ‘Blaurerus
726 3037 778 3108 od
802 3037 1143 3111 Melencbtltortem.

161 3169 234 3222 Haeo
248 3171 374 3237 epistola,
393 3186 473 3235 quam
487 3169 632 3221 Blaurerua
651 3167 685 3220 ad
698 3167 930 3220 Melanchihcnem
950 3163 997 3234 per'
1008 3165 1174 3237 Ouopirrium
1190 3167 1333 3220 floresium

192 3257 276 3322 misit,
298 3256 434 3306 invenitur
451 3257 477 3306 in
496 3255 576 3310 Mser.
595 3253 655 3306 Vol.
671 3253 741 3304 Vlll.
763 3255 871 3321 pibh.
913 3253 1050 3306 Tabuinrii
1070 3253 1222 3318 Hettingeri
1238 3253 1336 3304 Biblio-

196 3345 292 3393 iliacae
311 3341 409 3403 (iareb,
444 3343 471 3392 in
490 3339 678 3408 Epistddscn
707 3341 767 3394 Vol.
783 3341 853 3391 Vlll.
871 3357 900 3408 p.
914 3341 975 3403 103,
1011 3339 1195 3392 Bibliothecae
1221 3339 1334 3406 Sangal-

197 3427 281 3488 leqsia
300 3424 408 3488 Ginicae
426 3443 477 3494 per
496 3440 688 3490 amanuensem
706 3427 820 3494 scriptae
856 3425 920 3476 ltine
940 3425 1116 3494 apographon
1142 3423 1211 3482 Clas.
1230 3425 1336 3490 Voege·

196 3513 268 3563 linus
286 3513 404 3578 benigne
425 3513 460 3563 ad
477 3528 520 3564 me
539 3513 623 3565 misit.

311 3630 472 3712 ,Tiamaa
489 3630 684 3698 saturemus
704 3631 751 3696 D.
772 3631 837 3696 Pl.
861 3629 1122 3694 Melmbtboni.

179 3767 209 3827 S.
258 3766 415 3843 Nunquam
446 3775 511 3829 nou
532 3773 675 3830 versatur
697 3767 776 3828 mihi
807 3765 839 3835 in
864 3765 968 3827 deuiis
991 3767 1043 3825 vel
1067 3765 1183 3827 candor
1215 3763 1271 3824 illc
1301 3763 1332 3822 iri

93 3887 142 3930 me
167 3879 240 3931 tuus
264 3867 341 3930 olim
369 3872 500 3930 obortus
518 3867 683 3930 iuventuti
699 3886 801 3941 meae,
823 3871 875 3928 vel
900 3868 1204 3930 illudvencrundum
1218 3881 1333 3926 nomen

92 3972 233 4050 Philippi
257 3973 374 4043 nestri,
406 3975 489 4048 quod
520 3977 707 4052 gerebamus
736 3974 768 4033 in
798 3970 893 4034 labiis
924 3986 1089 4032 commune
1119 3967 1272 4030 sodalitio
1295 3968 1333 4028 li·

92 4077 213 4144 terario
244 4073 314 4136 eius
338 4077 466 4148 aetatis,
495 4077 587 4138 euius
611 4095 661 4138 me
684 4077 862 4144 recordatio
895 4076 1095 4138 etiamnunc
1123 4073 1270 4134 oblectat
1301 4076 1333 4130 et

94 4183 313 4241 senescentem
345 4181 408 4240 iam
433 4181 544 4246 reficit.
589 4181 624 4241 Et
652 4183 733 4242 haec
756 4176 1063 4256 quidem-memoria
1090 4179 1238 4254 repetens
1272 4172 1334 4234 eri·

93 4282 199 4360 gincm
226 4285 337 4344 crebro
361 4274 679 4346 solicitat—eninm
701 4271 858 4345 renovare
881 4279 1144 4344 consuetudinem
1169 4289 1269 4340 meam
1294 4277 1333 4337 ed

94 4386 435 4478 realiquidsubinde
459 4377 694 4458 scribendine
717 4388 770 4448 uel
794 4386 918 4448 obiitus·
934 4385 1194 4466 uidetr'tuorum
1229 4383 1264 4442 'm
1285 4397 1336 4441 me

98 4503 304 4521 ——ah-——u--n—

185 4558 214 4626 l)
231 4521 403 4625 impertiat]¹
419 4526 447 4608 ln
466 4514 574 4624 antean
594 4515 718 4632 [epitom
732 4519 812 4626 pare:
