3084 5208
223 335 291 406 128
620 349 867 405 serratarum
886 325 969 404 imm
989 354 1064 406 raas.

325 510 406 560 turia.
442 507 483 558 Ex
503 507 687 575 autographis
705 511 732 558 et
752 508 925 576 apographis
943 508 996 560 fide
1016 508 1108 572 dignis
1125 508 1276 576 descripsit
1294 523 1326 558 ae
1346 508 1473 575 primum

329 595 416 646 edidit
435 593 535 648 Bernh.
555 593 686 644 Frideric.
705 592 837 644 Hummel.
865 594 960 658 (Halae
982 594 1057 645 1778.
1077 593 1133 660 8⁰.)
1153 612 1182 661 p.
1193 595 1224 648 33
1238 611 1279 659 sq.
1299 611 1342 646 no.
1356 593 1434 645 XIV.

581 760 706 824 Lincus
728 759 819 824 Phil.
842 759 1102 827 Melanehthom'.

309 921 447 983 Gratiam
472 927 504 978 et
527 934 637 996 pacem
659 918 762 977 adeo.
798 919 920 978 Literas
944 925 1032 990 tuae,
1057 919 1235 981 clarissime
1250 921 1316 990 vir,
1339 919 1474 994 accepi,

223 1026 338 1100 quibus
367 1025 561 1084 voluntatem
592 1037 697 1082 meam
729 1021 884 1096 pergendi
913 1020 1057 1098 Lipsiam
1080 1023 1218 1097 requiris
1242 1023 1348 1098 idque
1362 1029 1400 1082 ut
1426 1021 1474 1080 ia-

222 1128 304 1187 ciem
335 1126 441 1188 multis
471 1133 503 1184 et
532 1123 632 1186 firmis
670 1123 867 1198 argumentis
902 1124 1090 1186 adhortaris.
1147 1127 1214 1203 Ego
1244 1125 1373 1201 quidem
1412 1142 1474 1198 pro

223 1231 340 1292 Christi
363 1229 467 1307 gloria
489 1226 705 1304 promovende
735 1241 792 1302 per
817 1228 1017 1304 evangelium
1050 1247 1113 1290 non
1138 1236 1258 1290 tantum
1280 1229 1377 1297 illuc,
1410 1227 1474 1287 sed

222 1336 262 1396 ad
284 1342 445 1394 extremos
468 1331 577 1392 mundi
601 1331 754 1390 terminos
779 1328 940 1406 proficisci
965 1349 1027 1392 non
1050 1332 1236 1392 dubitarem.
1265 1330 1385 1408 Ceio,
1420 1345 1476 1390 me

223 1437 348 1500 Christo
371 1438 448 1497 lesu
471 1435 599 1495 domino
623 1449 697 1492 meo
726 1432 846 1494 debere
876 1440 991 1504 totum,
1022 1436 1107 1510 quod
1137 1453 1206 1496 snm
1229 1443 1261 1494 et
1284 1434 1370 1510 quod
1396 1452 1476 1510 pos-

223 1559 299 1601 sum.
334 1539 459 1598 Accidit
483 1543 606 1606 autem,
630 1535 716 1612 quod
740 1553 802 1596 non
826 1543 946 1599 tantum
969 1539 1133 1614 plerisque
1157 1539 1237 1598 viris
1256 1539 1475 1615 prudentibus

224 1643 355 1704 evenire
379 1642 479 1710 solet,
507 1646 541 1700 ut
564 1639 597 1698 in
620 1635 761 1714 propriis
786 1637 936 1700 consiliis
964 1647 1114 1717 expertes
1146 1643 1209 1702 sint
1239 1640 1474 1713 consiliorum3

224 1747 290 1809 sed.
312 1753 344 1805 et
373 1745 449 1808 divo
481 1757 608 1818 quoque
624 1741 745 1810 Paulo,
777 1741 832 1816 qui
863 1742 1044 1818 ignorabat,
1072 1751 1177 1805 utrum
1207 1761 1225 1803 e
1254 1745 1379 1806 duobus
1414 1746 1477 1804 eli-

222 1856 331 1928 geret,
361 1846 514 1914 dissolvi,
547 1852 578 1904 et
602 1844 687 1920 quod
711 1845 859 1933 optabat,
893 1859 966 1904 esse
988 1863 1058 1906 omn
1083 1848 1229 1929 Christo,
1258 1854 1311 1907 aut
1333 1865 1476 1910 manere

223 1953 352 2013 diutius.
396 1948 463 2026 Ego
486 1950 643 2010 hactonus
667 1947 698 2004 in
723 1947 774 2005 his
799 1952 830 2004 et
853 1945 1013 2008 similibus
1037 1951 1178 2026 negotiis
1202 1951 1309 2013 arduis
1332 1952 1369 2012 D.
1390 1951 1475 2012 Mar—

223 2055 301 2123 tini,
333 2069 425 2128 quem
447 2058 482 2111 ut
506 2057 710 2127 praesentem
733 2055 856 2125 patrem
881 2055 912 2108 et
939 2059 1181 2128 praeceptorem
1212 2069 1340 2132 semper
1370 2055 1475 2124 colui,

224 2174 292 2218 sum
316 2157 482 2232 amplexus
512 2151 657 2214 consilia.
714 2149 767 2211 Sic
799 2151 871 2211 eius
903 2153 1039 2215 consilio
1063 2154 1226 2217 Monechis
1256 2158 1337 2217 meis
1370 2156 1475 2216 liber-

224 2266 319 2321 tatem
343 2259 494 2336 permisi,
519 2258 594 2317 licet
619 2256 705 2316 velut
728 2255 910 2318 haereticus
936 2257 1021 2334 apnd
1046 2258 1212 2320 Caesarem
1238 2267 1412 2322 accusatus
1441 2271 1474 2322 et

223 2365 288 2426 alia
309 2364 407 2426 multa
431 2364 470 2422 ab
494 2359 673 2437 hypocritis
698 2357 814 2418 luerim
838 2377 962 2436 passus.
1015 2360 1092 2422 Eius
1122 2359 1260 2423 consilio
1282 2366 1323 2424 ah
1348 2365 1474 2426 Alelen-

222 2472 321 2546 burgo
350 2465 487 2544 migravi
511 2463 727 2539 Noribergam.
780 2461 857 2522 Eius
889 2461 1027 2524 consilio
1057 2467 1211 2530 hactenus
1241 2467 1295 2528 hic
1325 2468 1475 2545 perstiti,

225 2571 370 2649 quamvis
394 2589 413 2632 a
435 2568 582 2646 principe
608 2586 668 2627 ιιοιι
694 2567 795 2626 semel
819 2557 884 2625 alio
909 2573 1039 2626 vocatus
1063 2568 1207 2630 fuissem.
1241 2571 1315 2633 llam
1338 2575 1380 2632 ob
1404 2590 1476 2633 rem

226 2683 258 2736 et
280 2691 362 2736 nnnc
385 2691 424 2733 ex
449 2671 553 2748 ipsius
577 2668 715 2731 consilio
740 2667 861 2730 domini
884 2669 1080 2732 voluntatem
1104 2681 1274 2748 exspeet03
1304 2677 1476 2736 necmihi

224 2777 291 2854 ipsi
314 2777 386 2836 fido.
432 2773 556 2850 Scripsi
580 2781 614 2832 et
636 2773 669 2833 in
692 2789 831 2842 summa,
867 2789 950 2846 quae
974 2789 1025 2833 me
1048 2783 1176 2836 movent
1199 2778 1238 2836 ad
1262 2777 1315 2838 bic
1339 2797 1475 2839 manen·
1540 2831 1541 2860 ι

225 2881 315 2948 dum,
345 2895 384 2937 ne
407 2877 491 2938 sient
514 2875 586 2936 avis
608 2891 626 2934 e
651 2875 726 2934 nido
750 2875 961 2948 transvolem3
998 2883 1031 2934 et
1056 2891 1138 2951 quae
1163 2895 1214 2938 me
1238 2897 1369 2941 movere
1393 2859 1474 2957 pos·

225 2993 294 3045 sent
317 2985 357 3045 ad
381 2982 577 3060 migrandum
602 2987 634 3039 et
659 2980 741 3042 votis
766 2978 924 3055 principis
949 2982 1131 3056 parendum.
1176 2984 1265 3044 Unde
1291 3003 1368 3062 rogo
1394 3005 1473 3062 per-

228 3089 373 3164 pendatis
403 3087 541 3155 trutina,
577 3084 728 3158 quidnam
757 3082 799 3143 sit
826 3084 912 3146 iactu
947 3084 1050 3161 inagis
1088 3088 1272 3162 proficuum.
1327 3089 1395 3167 ago
1432 3108 1472 3152 ex

224 3192 318 3254 uobis
342 3192 402 3254 Dei
427 3197 587 3267 exspecto·
600 3187 800 3257 miraculum,
823 3197 963 3262 paratus,
988 3189 1020 3248 id
1044 3190 1163 3261 subire,
1186 3194 1272 3267 quod
1296 3192 1329 3252 in
1345 3195 1474 3255 Christi

225 3296 360 3374 gloriam
382 3294 487 3356 fuerit.
535 3298 614 3354 Amo
637 3291 818 3368 principem
841 3294 1016 3354 electorem
1039 3310 1079 3355 ex
1103 3295 1216 3369 corde,
1246 3312 1305 3356 nec
1327 3295 1471 3369 dissido,
1539 3283 1540 3304 ³

226 3417 276 3458 me
299 3399 404 3476 ipsius
426 3398 510 3458 votis
534 3397 665 3456 offerre:
690 3414 750 3456 non
776 3397 860 3470 quod
884 3397 980 3456 fidam
1002 3396 1034 3456 in
1060 3396 1278 3473 principibus,
1302 3400 1360 3458 sed
1380 3403 1471 3475 quod

226 3503 325 3564 sciam
357 3519 408 3562 me
438 3501 616 3563 debitorem
648 3499 708 3569 iis,
739 3497 928 3576 praesertim
957 3499 1116 3561 fidelibus.
1169 3500 1323 3562 Maiorem
1347 3501 1381 3562 in
1408 3505 1473 3565 boc

228 3606 373 3683 principe
408 3605 596 3667 fidelitatem
627 3611 659 3664 et
689 3602 920 3664 humanitatem
952 3606 1111 3681 comperi,
1148 3623 1240 3679 quam
1279 3601 1310 3666 ih
1341 3605 1471 3668 vilioris

226 3709 419 3772 conditionis
443 3708 573 3770 rusticis
597 3707 764 3785 superbis,
788 3724 828 3766 ne
852 3708 956 3768 dicam
979 3706 1090 3782 impiis
1111 3708 1224 3768 asinis.
1260 3709 1298 3768 Et
1320 3726 1379 3769 cur
1404 3729 1469 3772 non

226 3811 424 3889 obsequerer
447 3813 621 3874 actlerram
644 3829 702 3886 pro
726 3828 782 3880 eo,
808 3827 846 3870 ne
869 3812 974 3872 dicam
995 3829 1052 3886 pro
1077 3811 1222 3882 Christo,
1255 3813 1339 3886 quod
1362 3813 1470 3874 feren·

226 3918 297 3978 dum
323 3924 372 3977 est
395 3918 434 3977 ab
459 3915 533 3977 eliis
559 3910 693 3990 impiis?
746 3913 846 3990 lgitur
869 3933 931 3974 una
956 3932 1026 3974 crim
1050 3917 1187 3976 Doctore
1211 3914 1372 3976 corisulito
1396 3933 1470 3992 pre-

226 4038 295 4090 cor,
321 4020 406 4095 quod
429 4019 584 4096 optimum
608 4024 640 4077 et
666 4035 720 4092 pro
745 4017 865 4077 Christi
895 4017 998 4094 gloria
1029 4017 1233 4093 potissimum
1256 4017 1362 4079 fuerit.
1411 4019 1470 4079 llis

226 4122 258 4182 in
283 4123 411 4184 domino
436 4122 509 4182 vive
532 4121 672 4181 feliciter
695 4130 726 4182 et
746 4123 826 4181 vale.
863 4121 976 4182 Datum
992 4105 1219 4198 Norimbergee
1239 4122 1293 4182 die
1311 4121 1470 4182 lobannis

226 4205 431 4303 Bapt'leaa.

936 4327 970 4387 D.
995 4324 1203 4387 Wenceslaus
1226 4325 1351 4388 Lincus.

743 4513 950 4526 -ν-καα-ι-ι-ι-ηια
