3072 5208
182 377 258 448 lod·
571 394 814 454 supercurrat
840 394 924 459 auru
952 397 1050 468 usu¹

186 567 301 626 corpus
325 547 366 610 sit
385 549 514 626 ubique,
539 555 571 608 cl
593 568 612 612 u
634 548 724 619 nohis
748 547 935 614 diiudicatio
950 556 1124 634 peteretur,
1147 551 1229 638 dedi-¹
1245 549 1416 627 consilium,

184 659 218 711 ut
243 652 433 712 Academiae
456 649 644 712 Parisiensis
678 654 836 716 sententia
872 654 1081 730 flagitaretur,
1115 662 1149 713 ut
1182 653 1256 728 quid
1279 660 1415 713 vetustas

187 755 344 815 sensisset
358 753 621 816 consideraretur.
660 756 739 816 Esse
762 757 909 817 dissonos
933 742 1089 817 clamores
1112 758 1287 832 praecipue
1310 757 1416 816 delrac

186 856 402 920 controversia
424 859 622 919 manifestam
647 865 706 919 est.
751 860 784 919 ln
808 858 915 920 littore
939 859 1060 920 Ballico
1084 844 1188 922 sancti
1211 850 1283 930 viri,
1307 858 1357 934 qui
1385 857 1415 917 in

188 958 288 1022 Gallia
323 961 571 1032 interficiuntur,
605 960 679 1038 quia
714 977 774 1022 non
797 964 931 1038 probunt
954 965 1193 1047 αρτολατρείαν,
1224 961 1417 1022 nominantur

187 1062 338 1141 llarlyrcs
361 1061 490 1126 diaboli·
535 1065 566 1124 ln
590 1063 710 1126 silesia
733 1082 809 1127 voro
846 1065 921 1128 Viro
936 1067 1088 1130 'modesto
1115 1065 1237 1145 nolenti
1262 1065 1353 1124 ritum
1375 1064 1416 1121 le-

188 1169 282 1230 uandi
308 1176 338 1228 ct
361 1158 514 1230 adorandi
546 1162 638 1245 panls'
674 1151 802 1230 servare
830 1159 896 1231 t'res
927 1169 1021 1248 digiti
1060 1172 1091 1232 in
1115 1170 1247 1229 dextera
1285 1165 1416 1244 praecisi

189 1279 267 1332 sunt.
313 1268 445 1352 Propter
472 1274 551 1332 hae‘c
579 1270 685 1332 tristia
717 1272 852 1336 dissidia
882 1275 986 1336 fateor
1015 1291 1064 1336 me
1094 1271 1258 1348 ingentem
1282 1271 1417 1329 dolorem

189 1370 295 1434 animo
331 1373 533 1434 circumferre
567 1374 681 1434 multos
705 1387 812 1435 annos.
858 1375 962 1452 Saepe
992 1377 1088 1438 etiam
1117 1373 1247 1436 allorum
1271 1373 1416 1432 bonomm

190 1482 221 1535 et
244 1477 407 1536 doctorum
422 1478 561 1536 virorum
584 1475 723 1553 gemitus
746 1477 851 1548 video,
876 1477 929 1553 qui
953 1483 1064 1555 optant
1087 1477 1118 1538 in
1136 1475 1265 1552 Synodo
1287 1471 1417 1551 proferri

189 1575 333 1638 eruditae
364 1577 559 1654 antiquitatis
587 1579 784 1641 testimonia.
833 1580 872 1641 ut
901 1595 1073 1656 quanquam
1091 1577 1252 1658 'premere
1282 1578 1418 1638 dolorem

189 1681 321 1740 dit'ficile
346 1687 406 1752 est,
430 1686 521 1743 laceo
545 1689 658 1743 tamen.
703 1681 837 1760 Propter
860 1683 921 1744 hoc
937 1683 1099 1745 silentium
1123 1683 1294 1744 incitentur
1317 1685 1419 1741 contra

190 1798 238 1841 rue
260 1785 363 1853 aulae,
386 1800 556 1860 gynaecea,
579 1785 703 1862 vulgus.
748 1785 811 1846 Sed
835 1803 903 1846 cum
929 1771 1127 1848 sciam'talla
1158 1785 1190 1846 in
1211 1782 1418 1844 dissensioni-

191 1886 249 1944 bus
273 1885 420 1947 civilibus
444 1888 601 1958 accidere,
640 1905 798 1966 praeparo
828 1888 964 1950 animum
998 1890 1037 1949 ad
1060 1889 1210 1949 terendos
1233 1903 1290 1946 eos
1323 1901 1420 1952 casus,

189 1985 244 2061 qui
267 1989 460 2064 impendent,
485 1999 516 2052 et
536 1990 712 2052 Ecclesiam
737 1999 768 2052 et
795 2009 843 2052 me
866 1991 949 2054 inter
971 1995 1108 2070 gemitus
1132 2000 1163 2052 et
1184 1997 1259 2051 vota
1281 1987 1351 2050 filio
1365 1986 1419 2048 Dei

189 2093 382 2153 commendo.
428 2094 516 2154 Mitto
552 2093 744 2156 celsitudini
767 2103 894 2157 restrae
927 2098 1090 2174 pagellae,
1127 2111 1209 2172 quae
1247 2092 1419 2158 ostendunt,

188 2194 269 2267 quod
292 2210 393 2271 genus
416 2196 577 2257 doctrinae
600 2214 760 2259 sonemus.
784 2205 815 2258 et
837 2206 1022 2259 reverenter
1044 2217 1100 2260 oro
1125 2195 1355 2258 celsitudinem
1373 2207 1419 2250 ve·
1517 2231 1518 2274 3

189 2301 293 2366 strum,
322 2299 463 2358 nemini
492 2315 553 2359 non
576 2298 684 2360 audito
708 2299 872 2362 irascatur.
920 2299 983 2362 Nec
1006 2317 1082 2361 vero
1113 2315 1164 2360 me
1190 2300 1292 2358 solum
1323 2292 1419 2357 audiri

189 2401 284 2472 peto,
318 2399 374 2458 sed
406 2399 497 2462 simul
528 2403 630 2467 audiri
662 2411 801 2466 veterem
833 2412 865 2464 et
891 2405 1053 2481 puriorem
1082 2401 1257 2464 Ecclesiam
1287 2407 1364 2477 peto
1392 2405 1421 2457 ct

190 2502 335 2563 adhiberi
364 2504 520 2566 Doctores
549 2508 644 2567 huius
667 2483 985 2586 temporisurneutes
1003 2501 1176 2568 veritatem·
1193 2511 1224 2564 et
1249 2503 1330 2582 pium
1355 2520 1421 2562 eon-

188 2607 339 2677 cordiam,
362 2609 444 2669 sicut
466 2617 671 2685 praeceptum
697 2619 770 2672 est:
794 2609 929 2687 Diligite
953 2607 1121 2674 veritatem
1143 2612 1176 2678 et
1197 2621 1319 2684 pacem.
1365 2605 1420 2665 llu-

188 2707 271 2769 xime
294 2726 370 2770 vero
407 2713 532 2772 excludi
569 2715 644 2774 volo
682 2713 969 2790 praestigiatricem
992 2711 1207 2786 Sophisticen.
1253 2710 1345 2770 Plura
1366 2708 1422 2767 hoc

191 2818 336 2888 tempore
376 2816 517 2875 scribere
556 2832 618 2877 non
656 2816 762 2893 potui,
799 2817 991 2894 praesertim
1021 2814 1185 2879 tabellario
1205 2815 1422 2890 recuperante.

189 2915 276 2975 Bene
313 2923 346 2976 et
382 2910 544 2979 loelicil'er
571 2921 676 2980 voleat
695 2918 875 2982 dulcitudo
899 2926 1022 2980 uestra.
1083 2917 1157 2978 tue·
1176 2917 1226 2978 28.
1260 2913 1421 2976 llovemlu.

191 3020 281 3079 Auno
307 3020 397 3081 1559.

518 3125 730 3192 Celsitudiuis,
749 3133 875 3186 vestroe
898 3142 1011 3215 servas
1065 3201 1068 3214 Ι

734 3313 737 3321 ,
844 3290 847 3312 .
874 3246 1038 3326 Philippus
1062 3245 1255 3313 Melanthos,

708 3422 910 3432 *suun-...oann-

192 3572 264 3631 466.
290 3573 479 3634 *recuset
514 3575 656 3656 (volux,
679 3571 809 3656 pullat.)
1121 3562 1422 3649 (farcinaumalleod)
1514 3549 1515 3574 ³

294 3658 450 3686 *m
1152 3647 1413 3682 Μ

219 3769 373 3864 Georpio
412 3771 605 3857 Gramato,
631 3770 788 3844 Ductori
819 3770 937 3855 luris,
969 3766 1190 3840 Consilinum
1217 3762 1400 3834 uectoria

405 3895 407 3904 ’
726 3890 899 3983 Augusti.
942 3921 944 3928 r
1014 3923 1016 3932 v

281 4058 352 4108 llaec
370 4056 487 4122 epistola
507 4062 534 4106 ct
552 4055 749 4118 subsequentes
769 4068 802 4103 cx
823 4054 1000 4122 autographis
1017 4053 1089 4132 ¹illino
1108 4051 1245 4102 Tabular'ri
1266 4047 1420 4101 Drasdeueis

332 4158 347 4190 a
367 4141 437 4192 clar.
459 4143 639 4194 Seidrmenno
658 4139 725 4191 milri
745 4141 901 4207 descriptae
921 4146 993 4192 aaut.

644 4311 840 4396 (Inscriptio
860 4314 980 4394 dccet.)

298 4471 328 4530 S.
359 4472 393 4532 D.
439 4447 602 4560 Magnifice
632 4473 663 4559 dt
685 4472 807 4552 Rector.
854 4470 974 4547 Scripsi
1003 4467 1186 4530 hisdiebus
1210 4463 1418 4526 testimonium

194 4573 317 4634 doctori
340 4575 521 4652 proiectura
541 4575 571 4638 in
598 4582 679 4636 tuam
704 4573 850 4652 patriam,
874 4581 902 4633 ct
927 4571 1032 4642 addidi
1056 4570 1209 4647 qrraedam
1225 4565 1356 4628 orationi
1379 4581 1417 4624 rc-

195 4676 316 4764 citatam
348 4678 566 4764 'lde'odistluli
590 4679 724 4743 culicum
746 4678 950 4755 scriptionem
974 4676 1172 4770 praesertim,
1196 4690 1266 4757 cum
1289 4669 1320 4730 in
1344 4673 1418 4730 tantu
