3072 5208
456 345 702 400 mercennarii
721 345 804 398 naut
827 349 903 401 raro.
1225 321 1297 402 'eil

85 505 196 574 stimis,
220 505 274 592 qui
297 503 343 564 ibi
366 505 416 562 vel
441 505 585 562 sentiunt
609 503 660 560 vel
683 501 894 579 negotiantur.
950 501 1130 578 Stephanus
1153 503 1301 567 llailalas

16 613 18 688 ξ
83 606 169 668 Vaida
191 608 458 684 ‘lransaylvanus‚
492 623 550 666 ceu
574 607 655 666 alter
678 605 857 674 Manasses,
889 597 1093 682 compedibus
1119 610 1241 670 vinctus
1265 611 1297 669 in

16 731 18 788 ς
83 724 193 770 carcere
216 707 587 785 Constantinopolitano,
613 722 682 768 cunr
705 707 876 766 Valentino
900 709 1000 768 Tereo
1024 708 1215 784 concaptivo
1239 727 1297 772 suo

16 791 17 876 ff
81 818 207 882 tenetur,
230 813 319 873 audit
338 811 481 886 quotidie
496 814 595 871 notras
613 810 818 887 evangelicas
836 809 1025 882 conciones,
1050 828 1152 888 nuper
1168 813 1298 890 scripsit

82 915 112 973 ud
129 926 256 975 uxerem
284 912 591 975 Christianissimam
623 913 860 974 confessionem
890 920 921 972 et
952 929 1023 974 earn
1052 903 1158 976 crttrsu⁴
1176 916 1299 994 gloriae

16 999 18 1080 Ξ
83 1017 186 1077 Christi
209 1025 295 1088 orat,
318 1024 354 1076 ut
376 1015 554 1094 permittat,
578 1011 745 1076 relormarl
769 1014 923 1077 ccclesias
944 1015 978 1076 iu
993 1035 1052 1079 sua
1067 1018 1298 1080 iurisdictione.

16 1095 18 1118 ¹
154 1121 397 1197 lranssylvania
426 1121 487 1180 lmc
518 1125 642 1179 aestate
667 1117 728 1179 Dei
764 1119 921 1178 beneficio
956 1119 1127 1194 tranquilla
1154 1121 1232 1192 luit,
1268 1129 1300 1182 et

16 1227 18 1296 ξ
82 1241 242 1302 quanquam
273 1226 395 1299 aliquot
425 1223 515 1283 aunis
545 1229 595 1283 est
627 1219 745 1282 aillicta
772 1223 886 1292 tollis,
920 1226 1110 1284 lernen-iam
1133 1213 1302 1287 reviviscit

16 1337 18 1406 t
83 1337 109 1389 et
129 1345 231 1390 rursus
254 1329 369 1388 llorere
393 1325 514 1401 incipit.
541 1327 790 1388 ¹Constrttuntur
811 1323 931 1402 passim
955 1325 1077 1402 ubique
1098 1329 1195 1388 mttlta
1217 1347 1301 1390 nova

82 1431 229 1500 aedilicio,
249 1437 367 1506 magna
387 1429 448 1488 luit
470 1429 595 1504 frugum
619 1433 650 1486 et
672 1428 812 1487 mnrium
833 1427 990 1490 fructuuln
1013 1429 1172 1492 fertilitas.
1216 1430 1298 1491 Vina

81 1534 267 1594 nobilissima
291 1531 518 1609 copiosissimo
541 1538 768 1607 provenerunt:
819 1528 883 1590 Sed
912 1533 998 1606 quod
1020 1534 1181 1594 Demades
1210 1535 1298 1595 dixe-

16 1619 18 1696 }
83 1645 136 1707 rat,
157 1647 284 1714 reguum
296 1636 470 1697 Alexandri
490 1634 563 1711 ipso
585 1639 708 1695 mortue
726 1633 833 1695 simile
852 1631 1079 1712 foreoye'lopi,
1102 1638 1153 1698 cui
1167 1635 1301 1714 ulysses

83 1743 194 1801 oculum
217 1740 374 1808 eruisset,
398 1755 457 1798 nos
480 1753 607 1813 quoque
633 1738 725 1798 oculo
750 1743 781 1796 et
806 1731 910 1811 capite
935 1755 1086 1800 caremus.
1126 1742 1300 1801 Monachus

83 1856 143 1905 curn
163 1843 276 1903 'iureis
294 1842 443 1908 colludit,
468 1840 623 1900 intersunt
645 1840 792 1899 omnilius
816 1842 1023 1902 concentibus
1038 1843 1165 1904 Tureici
1177 1844 1299 1921 itcgati,

17 1983 18 1988 .
82 1945 322 2022 necquidquam
348 1943 477 2003 decerni
501 1950 628 2019 potest,·
660 1941 735 2016 quin
765 1943 798 2001 id
828 1942 914 2002 nosti
938 1945 1090 2005 contituta
1111 1948 1213 2022 palam
1236 1936 1302 2017 ilai,

16 2043 17 2100 ἶ
84 2049 150 2124 quia
177 2050 270 2109 etiam
300 2049 332 2106 in
363 2048 435 2106 atila
464 2044 606 2122 Reginae
637 2051 668 2104 et
697 2045 860 2114 Monachi,
893 2045 969 2106 novi
993 2049 1126 2108 subinde
1157 2057 1300 2110 oratores

83 2161 160 2222 suut,
195 2151 248 2226 qui
281 2166 409 2225 utroquo
441 2147 574 2215 vadunt,
609 2163 664 2207 eos
695 2153 869 2220 sequuntur
898 2154 930 2208 et
961 2148 1085 2226 magnis
1119 2151 1301 2213 rmrrteribus

82 2254 219 2314 honorari
244 2269 279 2312 se
305 2248 451 2326 cupiunt,
482 2264 563 2323 quae
587 2249 682 2308 ctiam
706 2249 817 2309 invitis
847 2251 1175 2328 sutt·iuiportuliitate
1198 2253 1301 2314 extor-

83 2364 174 2431 quent.
210 2352 332 2432 Regilla
356 2366 428 2413 curn
448 2351 680 2411 sttecornitatu
694 2351 845 2411 Polouico
867 2351 937 2412 dies
957 2361 989 2413 et
1008 2362 1118 2414 noctes
1133 2357 1301 2426 hellualur,

85 2467 110 2517 et
130 2467 251 2535 tempus
273 2469 382 2522 otnue,
407 2453 491 2526 quod
512 2455 550 2514 alt
573 2453 678 2527 epulis
695 2461 859 2529 superest,
884 2454 1105 2516 saltationibus
1120 2457 1181 2517 dai.
1215 2459 1302 2518 Nunc

85 2577 116 2622 es
142 2559 314 2637 puerperio
352 2557 490 2624 laborat,
529 2555 592 2613 etsi
621 2553 653 2614 id
684 2556 753 2631 ipsa
786 2557 902 2648 ‘sedulo
934 2557 1021 2635 ,tegit
1049 2576 1087 2623 oc
1114 2558 1303 2633 dissimulat.

16 2739 17 2746 ἵ
84 2662 160 2732 erod
188 2661 270 2722 mihi
294 2675 439 2735 magnam
469 2657 722 2717 consolationem
751 2657 850 2722 affert.
906 2659 938 2719 ln
968 2667 1036 2720 tota
1059 2663 1303 2737 Transsylvania

84 2763 214 2824 Christus
237 2761 422 2839 agnoscitur
445 2764 476 2818 el
499 2747 727 2817 ostentatitiae
742 2757 893 2820 coelestis
913 2761 1056 2822 doctrina
1075 2764 1301 2841 promulgatur,

85 2873 204 2944 excepta
226 2882 291 2927 non
313 2879 426 2940 magna
450 2862 600 2922 Coctiliae
626 2861 792 2938 portiones
819 2871 916 2938 atqaro
939 2867 1025 2926 Alba
1041 2863 1137 2935 Iuda,
1167 2867 1222 2926 ubi
1246 2869 1300 2927 Ca-

84 2971 255 3031 nonicoium
279 2963 457 3043 Collegium
481 2971 544 3034 est,
576 2965 659 3024 inter
690 2974 769 3041 quos
792 2966 914 3044 Regina
936 2969 1010 3046 agit.
1062 2969 1304 3031 Cornmcndatus

85 3073 152 3132 milti
174 3082 223 3136 est
246 3092 264 3134 a
287 3071 469 3148 parentibus
494 3076 525 3128 et
549 3067 797 3146 consangnneis
821 3071 888 3130 suis
901 3071 1014 3131 Daniel
1032 3073 1204 3150 Ceperger,
1228 3074 1302 3132 ado-

85 3175 195 3238 lescens
219 3179 357 3242 honesto
380 3175 452 3234 loco
476 3180 586 3249 natus,
609 3171 745 3242 Cibinii,
776 3174 866 3234 cuius
890 3180 981 3250 pater
1005 3166 1221 3254 Wolffgangus
1246 3177 1303 3236 Co-

84 3281 240 3356 pergensis
272 3278 392 3354 primus
424 3275 563 3336 omnium
591 3265 793 3351 evangelium
823 3277 989 3351 amplexus
1021 3284 1069 3340 est
1092 3296 1129 3338 ac
1153 3277 1304 3348 defendit.

85 3379 120 3438 Te
147 3387 340 3459 magnopere
369 3395 441 3447 ore,
475 3376 640 3448 carissime
671 3377 878 3454 Praeceptor,
917 3385 951 3439 ut
979 3397 1037 3454 pro
1067 3387 1122 3440 tua
1151 3382 1305 3460 bonitate,

84 3481 146 3542 olus
165 3485 322 3546 rationem
344 3483 472 3541 habeas.
507 3479 646 3540 Praetice
668 3480 699 3538 ei
720 3478 859 3554 aliquem
880 3478 1036 3556 privatum
1050 3481 1303 3558 Praeceptoreru,

85 3585 165 3646 cuius
194 3590 293 3663 opera
322 3575 496 3659 Praecepta
527 3581 752 3642 Grammaticos
782 3589 813 3642 et
842 3581 1012 3658 primarum
1035 3581 1160 3644 ¹'artium
1195 3585 1304 3648 funda-

83 3696 178 3750 menta
200 3690 357 3756 addiscat,
387 3687 471 3761 apud
500 3700 592 3759 quern
618 3690 649 3742 et
671 3683 840 3761 pecuniam
863 3701 1004 3754 onlnem,
1040 3674 1192 3760 q'u'ar'n‘in
1224 3707 1304 3748 sum-

84 3798 148 3866 ptus
177 3787 317 3869 decepit,
351 3793 457 3850 coram
485 3795 517 3848 te
549 3787 695 3861 deponat.
748 3787 849 3848 Habet
871 3784 992 3849 tillut
1019 3802 1137 3850 aureos
1166 3792 1304 3853 florenos

84 3893 285 3974 liuugarlcos,
321 3893 436 3969 quibus
459 3891 499 3951 ad
522 3891 693 3950 triennium
716 3909 752 3952 se
776 3891 873 3952 isthic
901 3891 933 3952 in
963 3891 1082 3952 studiis
1102 3895 1305 3956 honestarum

83 3997 186 4058 artium
207 4003 386 4060 sttdeutare
409 3991 538 4072 poterit.
575 3993 765 4053 Commendo
787 3994 847 4054 tibi
872 3995 1096 4071 etloseplrum
1113 3995 1305 4068 Mortuerum,

85 4100 131 4170 qui
157 4109 202 4162 cst
224 4101 317 4162 uxori
345 4095 522 4159 clarissimi
548 4095 633 4165 viri,
658 4095 790 4174 (lampii
813 4097 965 4166 varneri,
998 4113 1037 4158 ex
1067 4098 1175 4158 fratrc.
1194 4114 1306 4176 nepos,

85 4208 172 4276 atque
194 4211 226 4264 ut
249 4203 283 4264 ei
306 4201 417 4264 itidem
447 4201 613 4276 priuatum¹
629 4200 871 4277 Praeceptorem
888 4201 1073 4278 adiungas,
1106 4209 1141 4261 et
1170 4209 1205 4264 ut
1223 4199 1306 4269 ‹eius

84 4317 181 4365 curam
200 4307 342 4375 habeas,
359 4313 393 4364 te
415 4321 473 4382 pro
498 4311 551 4364 tua
575 4319 651 4380 erpa
673 4303 972 4366 me=tonovolsntlo
995 4305 1195 4382 valderogo.
1233 4343 1236 4350 ·

160 4408 242 4485 ligo,
272 4409 353 4468 sicut
382 4414 476 4468 antea
507 4407 728 4476 decreveram,
759 4409 798 4471 ad
821 4425 879 4468 vos
907 4409 971 4468 noc
999 4414 1146 4484 tempore
1176 4410 1307 4480 reverti,

85 4512 217 4581 quamuis
248 4511 325 4571 miro
350 4511 454 4570 rasin»
480 4508 643 4578 desiderio
674 4517 801 4580 tenear,
829 4527 892 4570 uon
923 4509 1073 4586 possum‘
1113 4511 1236 4588 llecepi
1259 4511 1305 4572 in

85 4611 254 4672 stitueudos
283 4616 312 4672 in
337 4614 426 4672 ltalia
448 4613 566 4673 literas
591 4613 747 4674 l'rattcisci
773 4615 915 4682 Renoua,
950 4611 1152 4688 Propalatini·
1175 4613 1305 4690 dungo
