3072 5208
472 326 717 383 emeramensi
736 331 819 384 num
838 333 914 386 rnen.
1245 305 1310 391 idi

9 487 10 568 ξ
91 483 194 553 Deum,
218 491 395 546 creatorem
419 483 504 546 coeli
529 491 560 546 et
582 491 706 558 terrae,
743 494 775 547 et
799 489 997 552 conditorem
1019 489 1186 556 Ecclesiae
1219 513 1309 568 suae,

9 639 10 642 ,
90 583 136 657 qui
157 601 191 646 se
212 585 355 670 nominat
377 593 499 664 patrem
521 587 651 650 Domini
675 591 776 650 nostri
790 589 863 651 lesu
882 591 1018 663 Christi,
1042 595 1186 658 et'certo
1211 590 1306 660 errau-

88 685 148 746 dire
175 695 305 766 propter
332 689 452 760 tilium,
490 705 584 766 quem
613 691 718 752 voluit
747 709 805 768 pro
836 695 927 754 nobis
960 693 1241 770 victimam'freri,
1278 705 1310 761 ct

88 789 242 850 constituit
262 793 396 869 μεσίτην
417 793 471 856 καί
494 789 598 868 ἱκέτην
619 795 678 855 καὶ
696 784 852 876 ἇρχιερὲα.

158 891 215 954 Hic
243 893 272 954 si
302 895 405 956 oculis
434 896 546 958 obiicit
582 896 638 956 ille
669 897 901 974 praestigiator
933 898 1122 976 Georgium,
1163 902 1306 973 Martem,

84 992 241 1066 lunonem,
265 999 405 1069 Annam,
428 1006 460 1060 et
482 998 570 1060 dicet
581 997 604 1078 ¹)
629 1012 806 1078 congruere
830 1002 888 1061 has
912 1003 1167 1075 invocationes,
1183 1007 1248 1067 iarn
1271 1024 1307 1069 re

84 1113 151 1158 vera
172 1099 259 1160 Deus
282 1101 430 1165 horribili
441 1100 467 1180 ²)
490 1103 683 1164 contumelia
706 1103 854 1165 afficitur.
1286 1114 1290 1124 '

159 1203 356 1268 Artaxerxae
387 1211 495 1267 votum
524 1209 664 1278 lecerat,
705 1213 892 1284 aegrotante
924 1205 1048 1269 incesta
1078 1211 1233 1288 coniuge,
1271 1229 1306 1272 se

84 1304 221 1368 lunonem
252 1309 355 1370 solem
385 1310 471 1370 valle
502 1311 635 1380 colere,
660 1309 688 1371 si
719 1317 849 1371 sanaret
836 1310 1120 1382 tmulierculam,
1158 1320 1190 1374 et
1220 1314 1307 1374 velle

10 1449 11 1464 ι
84 1412 170 1468 totam
199 1408 287 1471 viam
316 1414 354 1472 ah
383 1429 458 1473 arce
480 1412 676 1489 Babylonica
705 1413 788 1474 adt
776 1414 932 1490 t·emplum
960 1430 1039 1474 auro
1061 1420 1191 1491 tegere,
1222 1417 1307 1491 quod

84 1507 140 1584 ipsi
161 1512 334 1576 donaturus
359 1522 453 1576 esset.
986 1531 989 1542 ’

157 1615 241 1678 Haec
265 1617 330 1679 sit
317 1618 393 1678 talis
416 1618 537 1695 aliquis
561 1621 709 1696 sophista
731 1621 832 1696 leget,
856 1626 991 1696 quaeret
1012 1619 1196 1710 speciosam
1210 1620 1306 1683 inter-

84 1718 294 1792 pretationem
344 1721 439 1784 Dicet
469 1724 621 1784 lunonem
651 1722 835 1800 significare
869 1722 998 1784 unicam
1029 1731 1192 1786 aeternam
1221 1741 1306 1785 merr-

83 1825 152 1890 tem,
174 1839 232 1883 seo
254 1819 414 1903 πρόνοιαν
437 1843 491 1886 rec
492 1827 667 1896 tricem‚e
649 1827 764 1887 etDeo
786 1833 856 1904 grat
858 1845 909 1887 am
924 1843 996 1888 esse
1009 1827 1205 1888 munificent
1183 1826 1305 1905 trcm¹),

83 1938 134 1996 qua
154 1929 274 2004 templa
299 1936 465 1999 ornantur,
488 1935 522 1990 ut
510 1930 694 1990 ttsacerdo
682 1935 731 1989 tes
755 1929 817 1998 ali,
849 1929 986 1990 studia'
979 1931 1099 2000 ruvari,
1128 1946 1306 2008 pauperum

81 2023 182 2104 inopia
204 2033 369 2093 sublevari
392 2033 503 2109 possit.

153 2133 246 2193 Tales
268 2134 336 2196 inci
360 2151 489 2212 semper
511 2141 543 2195 et
560 2131 742 2212 luerrmt⁴),
767 2141 799 2196 et
815 2143 907 2196 erunt
921 2119 1126 2222 perniciosae
1142 2142 1305 2213 corrupte

80 2228 122 2288 lae
143 2233 359 2298 invocationis
383 2255 499 2308 verae,
523 2239 564 2297 de
583 2253 646 2313 qua
661 2239 868 2298 concionatur
882 2237 1100 2315 Evangelium.
1130 2237 1236 2309 Quare
1251 2239 1302 2299 ad·

9 2413 10 2420 ¹
80 2337 190 2396 versari
211 2341 340 2412 talibus,
365 2342 540 2418 quamlibet
560 2339 721 2418 speciosis
736 2340 1073 2418 interpretationibus,
1090 2341 1226 2402 necesse
1243 2346 1302 2401 est.

152 2441 184 2502 ln
215 2445 354 2507 historia
384 2445 548 2524 passionis
578 2443 640 2505 filii
670 2445 749 2513 Dei,
788 2442 927 2521 insignis
958 2446 1065 2522 imago
1102 2443 1302 2521 proponitur,

79 2559 139 2602 cunr
169 2549 255 2608 oculi
283 2548 346 2610 filii
368 2551 430 2611 Dei
458 2554 610 2626 teguntur
638 2546 769 2617 fasciis,
801 2555 833 2608 et
856 2545 1011 2624 undique·
1028 2547 1131 2609 iacies
1156 2545 1303 2608 caeditur

80 2644 229 2724 colaphis,
255 2658 287 2712 et
309 2652 465 2712 adduntur
486 2649 641 2711 virulenti
664 2649 835 2710 sarcasmi:
866 2650 1052 2712 vaticinare
1077 2651 1149 2726 quis
1172 2657 1206 2710 te
1230 2666 1301 2726 per-

81 2751 212 2811 cusserit.
264 2753 401 2815 Irrident
429 2756 588 2815 velatum:
619 2752 713 2828 quasi
742 2760 797 2812 aut
826 2772 888 2814 non
911 2753 1020 2814 videat
1049 2773 1068 2814 a
1098 2770 1159 2828 quo
1192 2759 1301 2814 contu-

81 2850 163 2912 melia
184 2855 434 2935 afficiebatur⁵t‚
465 2874 537 2918 oum
559 2854 639 2916 velit
661 2852 826 2932 perhiberi
850 2861 958 2918 vates:
991 2863 1045 2917 aut
1076 2857 1173 2917 etiam
1197 2856 1226 2916 si
1251 2855 1296 2916 vi:

81 2949 158 3024 dcat,
176 2956 383 3020 dissimulare
404 2969 528 3031 tamen,
553 2965 584 3020 et
607 2957 759 3035 accipere
783 2958 934 3020 iniuriam
957 2965 1097 3036 cogatur.

148 3058 228 3129 Quid
248 3067 313 3124 tam
336 3063 444 3125 simile
468 3070 517 3126 est
539 3065 615 3125 huic
638 3061 789 3140 imagini,
821 3079 914 3138 quam
944 3063 1024 3123 illae
1052 3064 1186 3124 fucosae
1217 3080 1300 3126 erra-

80 3159 167 3220 lomm
190 3164 475 3242 interpretationes
487 3164 536 3251 ⁸)?
581 3161 760 3226 Veritatem
788 3172 939 3241 tanquam
962 3165 1123 3243 captivam
1147 3166 1205 3226 isti
1227 3186 1300 3244 pro-

80 3257 197 3336 ducunt,
229 3285 267 3328 ae
296 3270 434 3345 primurn
465 3271 576 3331 oculos
606 3268 677 3329 eius
708 3269 832 3338 velant,
871 3271 932 3329 hoc
962 3274 1027 3338 est,
1065 3269 1180 3329 nudam
1212 3272 1302 3332 cerni

79 3364 183 3428 nolunt.
235 3371 362 3432 Deinde
391 3373 447 3434 alii
476 3372 606 3435 aliunde
633 3374 790 3450 colaphos
813 3371 979 3450 infligunt,
1011 3372 1074 3432 hoc·
1097 3376 1162 3442 est,
1193 3389 1299 3434 corru-

79 3467 163 3539 ptelis
194 3473 287 3535 novis
319 3491 389 3537 eam
417 3479 568 3539 lacerant.
618 3478 657 3538 Et
681 3476 745 3538 sibi
775 3476 858 3554 ipsis
871 3475 898 3558 ⁷)
928 3475 1101 3553 plandunt,
1134 3483 1167 3535 et
1178 3474 1203 3558 ⁸)
1232 3483 1298 3539 tan*

78 3584 159 3642 quam
181 3591 216 3637 re
239 3581 322 3638 hene
346 3587 437 3658 gesta
459 3581 640 3660 triumphos
664 3589 762 3660 agunt
785 3581 869 3642 inter
892 3600 979 3652 suos,
1009 3586 1040 3640 et
1062 3581 1221 3657 Epicurea
1244 3601 1299 3644 au-

77 3669 158 3737 dacia
180 3681 243 3741 sibi
267 3684 463 3757 persuadent
486 3703 547 3746 non
572 3684 662 3746 cerni
685 3687 744 3746 has
766 3685 895 3746 fraudes
919 3686 1041 3746 aDeo:
1065 3699 1125 3743 nec
1149 3690 1300 3743 verentur

77 3768 187 3842 iudicia
209 3783 391 3856 hominum,
415 3789 490 3848 freti
513 3794 680 3865 potentum
700 3789 820 3849 lavore.

76 3914 267 3933 ...ἡ-
322 3914 324 3923 ,

149 4007 176 4072 1)
201 4009 287 4076 dlcet]
307 4007 455 4068 Sechend.t
476 4011 544 4064 dicit

148 4095 175 4162 2)
201 4096 340 4163 horribili]
360 4095 508 4150 Seeliend.:
528 4099 697 4151 horribiliter

148 4180 175 4246 3)
199 4182 439 4250 munificentiam]
459 4184 608 4241 seniendi
630 4185 873 4250 magnificentiam,

147 4267 174 4331 4)
200 4275 228 4319 et
245 4267 383 4336 ineruni,]
404 4271 554 4322 Sathena:
575 4278 602 4322 et
619 4272 744 4333 luerunt,
765 4277 882 4334 etcum,

148 4353 175 4417 5)
201 4353 401 4423 afficiebatur,]
420 4355 566 4409 Seciend.:
589 4358 733 4421 afficiatur,

148 4439 176 4504 d)
198 4447 349 4493 erratorum
367 4443 610 4511 interpretationes
618 4445 643 4511 i]
664 4444 811 4499 Seclrend.:
833 4459 953 4494 errorum
974 4445 1186 4497 excusationes?

149 4525 175 4586 7)
201 4525 284 4593 ipsis]
306 4526 453 4580 scolene:
473 4530 527 4593 ipsi

150 4609 177 4674 8)
201 4609 239 4676 et]
260 4613 287 4662 in
307 4611 377 4680 Opp.
396 4611 458 4664 Mel.
480 4621 506 4664 et
527 4615 599 4681 apud
619 4615 750 4667 Seckeud.
771 4616 859 4667 dccet.
898 4637 902 4646 ·
