3064 5206
530 284 775 367 surrapnanra
792 301 876 372 aaut
895 304 984 364 arta
1306 279 1379 366 dai

278 521 281 528 ,
398 452 578 540 Philippus·
601 453 683 516 Met
709 453 833 533 [Wm'
852 454 999 520 Pr'starc'a
1020 455 1057 518 S.
1077 451 1125 518 D.
1195 492 1221 521 ,.·.

229 575 414 636 Veneranda
439 574 487 636 vir
509 583 543 636 et
565 575 667 636 amice
690 574 895 646 charissime,
918 577 1048 653 longam
1067 575 1317 652 disputationem
1336 579 1377 639 da

137 682 195 736 taa
219 677 408 752 quaestione
433 677 648 747 institueram,
673 679 729 739 sed
753 686 943 752 praetexere
964 696 1027 738 non
1049 679 1148 754 potui.
1167 678 1238 740 scio
1253 679 1376 754 duriter

101 813 104 819 ·
138 778 295 851 quosdam
319 779 529 850 contendere,
553 781 658 842 nullos
683 781 762 842 ritus
784 781 979 858 adiaphoros
1002 778 1222 842 restituendos
1236 795 1319 842 esse.
1342 787 1375 842 et

135 879 264 955 aliquid
294 883 325 942 in
355 883 602 947 commutatione
632 881 826 946 incommodi
849 891 898 944 est
922 891 954 944 et
976 883 1134 944 scandali:
1172 889 1205 945 at
1228 896 1290 960 ego
1310 889 1377 944 tam

136 985 243 1061 magis
269 987 364 1046 relim
394 986 556 1048 hominum
577 985 761 1050 «infirmitati
790 1002 841 1048 ne
862 993 1084 1062 attemperare.
1129 985 1256 1048 Tollere
1277 984 1377 1047 serr'a

135 1091 240 1147 tutem
270 1086 302 1144 in
333 1084 536 1160 adiaphoris,
570 1103 610 1151 ne
640 1089 778 1164 populos
816 1087 940 1150 amittat
971 1104 1084 1150 vooam
1113 1085 1379 1164 avangelitsou

135 1187 221 1249 falsa
239 1189 403 1264 dogmata
438 1197 470 1248 et
504 1189 620 1266 impios
662 1191 767 1254 cultus
806 1206 866 1251 nec
901 1190 1053 1266 recipiam
1078 1205 1148 1252 nec
1181 1191 1378 1272 approbatae.

134 1288 271 1366 Magnus
295 1291 355 1352 luit
378 1294 494 1358 abusus
517 1293 695 1362 libertatis,
719 1293 793 1354 ideo
818 1307 900 1354 nanc
921 1293 1000 1354 dura
1015 1291 1172 1356 servitute
1193 1289 1378 1369 premimur,

134 1410 234 1467 quam
264 1395 426 1470 sapienter
454 1396 538 1456 ferre
567 1395 736 1458 discamus,
785 1395 879 1472 Apud
908 1411 966 1456 aaa
996 1394 1134 1456 nondum
1156 1393 1377 1460 allamannia

134 1497 257 1556 rituum
282 1497 365 1558 lacta
387 1505 449 1560 est:
481 1504 514 1558 et
536 1517 600 1560 uox
622 1499 786 1560 doctrinae
810 1499 870 1559 Dei
893 1498 1052 1559 beneficio
1074 1503 1169 1558 sonat
1192 1496 1378 1574 incorrupte

135 1599 168 1660 in
194 1598 347 1661 ecclesiis
372 1607 403 1660 et
426 1599 533 1662 scolis.
568 1601 706 1662 Fuerunt
730 1599 761 1659 in
787 1606 945 1662 conventu
960 1598 1089 1676 Lipsiae
1112 1599 1375 1671 deliberationes,

134 1701 194 1760 sed
228 1708 331 1762 tamea
363 1703 408 1762 de
432 1702 619 1778 adiaphoris
650 1709 681 1762 et
712 1701 908 1764 authoritate
930 1701 1160 1778 Episcoporam
1190 1703 1222 1764 ia
1247 1703 1312 1766 hae
1329 1719 1377 1768 re

133 1802 255 1880 gione,
285 1804 341 1879 qui
366 1806 535 1869 ostendunt
565 1822 600 1866 se
631 1821 691 1866 aon
722 1806 894 1867 abhorrere
917 1823 935 1866 a
959 1817 1035 1867 vera
1057 1805 1210 1867 doctrina.
1240 1805 1379 1870 nondum

134 1913 247 1968 autem
270 1908 343 1968 finis
368 1915 415 1968 est
439 1924 546 1970 earnm
569 1906 855 1978 deliberationum,
878 1909 959 1976 vala.
1001 1910 1033 1970 la
1058 1907 1111 1970 die
1133 1905 1293 1985 Baptismi
1315 1909 1377 1972 tilii

133 2008 217 2078 Dei,
248 2010 280 2068 in
304 2027 368 2084 quo
394 2010 512 2072 illustri
543 2011 758 2086 patefactione
789 2009 942 2073 divinitas
972 2016 1089 2072 testata
1120 2017 1169 2074 est
1201 2025 1237 2074 se
1260 2009 1378 2074 adesse
1461 2071 1466 2078 .

134 2112 307 2176 Ecclesiae
330 2129 417 2174 suae.
444 2115 524 2174 vale.

657 2199 862 2208 μ..-

139 2283 212 2343 aaa
247 2287 302 2342 ao.
319 2281 428 2344 enarr.
474 2281 789 2362 <v01.r11.p.aaa.)
1188 2355 1191 2362 ,
1241 2283 1289 2345 aa.
1311 2287 1376 2369 ran

246 2371 404 2396 Μ
1246 2367 1382 2401 Μ

401 2445 526 2513 luetur
551 2445 663 2511 lonae
699 2439 749 2511 ad
775 2436 1117 2511 Melanchthorrcm.

208 2577 281 2628 Haec
300 2575 418 2644 epistola
436 2576 537 2642 legitur
555 2575 581 2625 ia
600 2573 724 2644 Theoph.
739 2573 845 2625 sinceri
863 2570 948 2626 ‘Jletttt
966 2569 1122 2642 &attellana
1139 2581 1188 2628 tart
1207 2569 1287 2629 tarda
1307 2571 1377 2630 atter

242 2675 267 2716 tr.
295 2675 367 2716 rutra
392 2659 503 2728 hirtam
526 2675 551 2715 u.
580 2657 726 2728 &apellitae
758 2660 791 2712 V.
812 2657 899 2714 etta.
929 2655 1055 2726 (grandi.
1081 2673 1108 2714 a.
1125 2655 1205 2728 aeta.
1224 2659 1300 2713 1734.
1320 2657 1376 2728 8⁰.)
1482 2719 1485 2725 ,

241 2765 270 2816 p.
282 2747 432 2803 att-439.
452 2757 478 2799 et
498 2750 524 2799 in
545 2748 646 2800 Tlreod.
665 2747 795 2799 Preaaelii
816 2747 900 2798 libro:
920 2741 1012 2810 Saittai
1031 2741 1128 2808 Satrai.
1149 2739 1287 2809 (fflbetttll
1300 2745 1375 2799 1869.

239 2831 297 2898 8⁰.)
318 2827 346 2898 p.
362 2833 418 2890 138.
438 2840 502 2889 nota
516 2834 558 2888 92.
578 2849 612 2884 ex
630 2832 682 2886 Me.
704 2833 896 2895 Thomaaiano.

134 2949 338 3015 moerendo
361 2964 394 3012 et
416 2950 608 3016 Clarissimo
627 2949 708 3014 Vtro
726 2950 772 3015 lt.
786 2950 949 3034 Parrappo
968 2947 1222 3014 Metanelttltom'
1236 2957 1379 3036 parenti

135 3061 170 3117 in
185 3052 318 3116 carrata
340 3067 373 3115 et
383 3051 605 3138 Praeceptor-r·
627 3075 674 3116 aa·
695 3061 806 3117 aaran
826 3053 1023 3116 charissimo
1040 3063 1214 3116 aetnam
1228 3049 1375 3118 calendo.

224 3176 257 3236 G.
283 3183 314 3234 et
336 3176 367 3236 Ρ.
403 3177 435 3236 ln
460 3176 586 3238 Christo
611 3177 787 3237 reverende
818 3183 850 3236 et
879 3174 1058 3236 clarissime
1089 3175 1153 3245 vir,
1184 3181 1377 3252 praeceptor

136 3277 337 3340 charissime.
382 3279 432 3357 Sd)
454 3280 500 3343 bia
521 3297 580 3344 nun
602 3281 646 3344 aa
669 3282 734 3341 attat
754 3279 859 3351 diota
883 3281 971 3354 aetat
995 3280 1027 3340 ab
1050 3280 1106 3341 ant
1129 3277 1171 3340 aa
1193 3277 1260 3340 utta
1278 3275 1376 3356 diescit

136 3382 228 3458 Rogo
251 3381 328 3442 boni
352 3383 518 3450 consulas,
548 3381 576 3441 si
599 3380 712 3442 literae
737 3397 828 3441 aneae
848 3400 909 3442 non
927 3382 1044 3441 habent
1061 3377 1215 3449 nitorem,
1238 3385 1271 3440 te
1286 3385 1375 3444 tanto

136 3486 218 3554 viro,
241 3491 328 3544 tanta
341 3482 460 3544 virtute
480 3485 617 3561 dignum.
655 3484 714 3544 Per
733 3484 953 3545 doctissimum
969 3476 1221 3542 lureeonsultum
1234 3479 1271 3543 D.
1284 3473 1375 3571 Daci.

137 3585 245 3664 Steph.
269 3587 382 3647 Kloton
407 3588 535 3646 tametsi
559 3594 780 3664 properantem
806 3585 899 3647 valde
926 3586 1002 3646 duxi
1025 3584 1085 3644 tibi
1108 3584 1279 3646 mittendas
1302 3583 1374 3677 lile·

136 3707 199 3760 ras,
223 3708 293 3750 cum
316 3689 388 3764 ipse
411 3692 452 3751 sit
471 3689 640 3753 adiunctus
653 3691 819 3768 Epistulae
827 3689 851 3770 ¹)
869 3692 965 3750 homo
980 3688 1120 3762 disertas
1136 3689 1244 3750 virum
1258 3691 1291 3750 et
1307 3701 1377 3751 eru·

137 3790 249 3855 ditum,
262 3791 455 3867 epistolium.
490 3793 636 3868 Optarem
650 3794 746 3870 longa
763 3800 794 3855 et
809 3790 1066 3872 exquisitissima
1081 3789 1227 3855 oratione
1242 3806 1376 3872 respou-

137 3895 215 3954 dere
238 3895 403 3970 proximae
425 3895 589 3970 Epistulae
609 3896 686 3954 mihi
710 3894 957 3955 dissueviandae
986 3900 1017 3953 et
1041 3896 1136 3970 longe
1158 3875 1374 3970 gratissimae,

139 3995 389 4056 iucundissimae
414 3994 737 4072 sincerissimaeque,
773 4009 856 4070 quae
883 3997 965 4058 adeo
988 3993 1130 4069 undique
1152 4010 1302 4071 respersa
1326 4002 1376 4056 est

138 4096 318 4174 insignitas
351 4099 435 4157 aretis
465 4105 537 4158 tnae
570 4113 645 4176 erga
674 4116 724 4158 rna
755 4105 786 4159 et
814 4114 903 4158 meos
933 4103 1086 4175 paternae
1110 4096 1258 4179 στοργῆς,
1288 4113 1376 4173 'quae

139 4201 218 4259 adeo
243 4198 309 4275 agit
332 4199 479 4274 adeoque
509 4199 651 4276 undique
681 4202 787 4272 ardet,
817 4199 897 4262 adeo
930 4201 1047 4278 spirat,
1078 4206 1112 4260 ut
1135 4199 1210 4261 inde
1233 4207 1375 4279 amorte

140 4303 214 4361 Rev.
237 4303 301 4364 DI).
325 4303 456 4363 lutheri
485 4305 522 4364 ab
553 4321 634 4364 anno
666 4306 704 4365 46
736 4285 818 4364 nihil
847 4303 1019 4373 audierim,
1050 4301 1202 4374 viderim,
1227 4302 1375 4382 legerim,

140 4405 337 4482 aspexeram,
362 4406 445 4481 quod
470 4405 548 4466 mihi
570 4405 668 4468 faerit
690 4407 821 4486 cognitu
844 4408 976 4469 suavius
999 4414 1052 4468 aut
1075 4407 1252 4487 iucundius.
1289 4405 1375 4469 Omi

141 4509 344 4526 *vn—qq·-

227 4559 256 4630 1)
281 4557 436 4633 Epistulae]
455 4561 528 4630 apud
547 4559 663 4620 Pressel.
684 4561 772 4613 deest.
