3116 5212
211 347 272 423 tu
734 362 917 423 trruuarx.

297 523 387 594 Quod
421 521 452 582 in
478 521 646 582 scribendo
675 521 824 582 amultls
847 517 1064 596 asperioribus
1088 520 1192 582 studio
1217 517 1365 590 abstinui,
1389 538 1450 580 uon
1544 499 1545 532 ³

213 627 298 688 edidi
322 625 489 700 epistolam
512 623 695 692 Carlovieii,
719 624 877 702 Tbeupoli
897 631 930 686 et
953 623 1044 696 alias,
1068 626 1144 686 item
1167 625 1280 686 multas
1302 623 1452 698 querelas
1544 623 1545 632 ’

214 736 245 789 et
268 729 388 790 iudicia
409 728 550 800 Lutberi,
585 728 625 791 ad
647 728 731 805 quod
765 744 815 788 me
838 727 926 788 rnnlti
960 730 1179 790 hortabantur.
1224 725 1310 788 Nibil
1345 725 1453 787 obieci
1544 717 1545 720 ’

213 833 252 892 de
275 849 309 894 re
333 849 394 894 sac.

296 971 384 1042 Quod
420 976 494 1047 post
516 968 713 1030 obsidionem
748 967 780 1030 in
804 968 934 1030 summis
957 970 1037 1030 mais
1062 970 1214 1044 periculis
1244 987 1282 1030 ac
1305 976 1454 1048 egestate
1544 999 1545 1042 5

211 1091 272 1135 non
297 1075 387 1135 ducis
409 1073 557 1150 prussiae
581 1071 712 1150 gratiam
736 1089 773 1134 ac
795 1071 946 1144 favorem,
986 1091 1048 1149 quo
1081 1073 1248 1145 invitabar,
1273 1093 1337 1134 non
1362 1073 1452 1150 cupi·
1544 1145 1545 1148 Ἴ

212 1176 344 1237 (litatem
367 1171 527 1236 vindictae
550 1171 715 1251 sequutus,
751 1182 858 1236 contra
881 1176 1048 1237 veritatem
1085 1178 1249 1253 quiequam
1286 1177 1357 1254 egi,
1398 1177 1455 1237 scd

198 1281 316 1358 'potius
351 1277 504 1357 neglectis
527 1277 669 1340 omnibus
694 1278 773 1340 meis
796 1280 928 1340 terrenis
951 1279 1144 1353 commodis,
1183 1279 1286 1342 studio
1310 1279 1455 1342 veritatis
1511 1275 1514 1284 ’
1544 1317 1545 1326 κ

216 1387 287 1444 tuos
308 1391 431 1446 atroces
465 1386 497 1446 et
519 1381 679 1444 terribiles
701 1385 820 1455 hostes,
859 1381 1043 1446 Osiaudrum
1069 1391 1100 1444 et
1123 1382 1399 1445 Schuencleldium
1439 1402 1456 1444 a

214 1492 246 1546 te
270 1487 361 1562 lenio,
400 1503 455 1561 pro
477 1501 617 1546 meorum
655 1485 735 1545 dono
766 1489 798 1546 et
821 1485 977 1548 tenuitate
1014 1503 1069 1548 eos
1100 1486 1309 1566 oppugnando
1345 1484 1379 1544 in
1405 1501 1455 1546 me

213 1589 324 1652 averti.
368 1587 456 1660 Quod
478 1605 518 1650 ex
542 1604 603 1664 quo
628 1585 734 1664 coepit
756 1586 858 1650 minus
882 1607 954 1650 esse
977 1589 1110 1668 periculi
1133 1594 1170 1651 ab
1184 1589 1387 1664 Adiaphoris,
1412 1589 1457 1650 ni·

212 1692 255 1753 bil
279 1698 440 1756 contrata
465 1707 616 1769 expresse
639 1687 763 1769 scripsi.
859 1717 861 1722 ·

297 1831 384 1905 Quod
423 1832 484 1890 hoc
507 1835 571 1891 toto
595 1845 687 1901 anno,
727 1829 809 1911 (eum
833 1829 961 1906 quidem
993 1836 1115 1906 praeter
1137 1829 1213 1892 alies
1236 1827 1379 1908 publicas
1408 1830 1452 1889 in·

210 1938 400 1998 sectatioues
437 1933 469 1992 in
493 1932 694 2005 lectionibus,
731 1940 965 2012 oppugnatores
1001 1937 1194 2012 papistrrrum
1232 1938 1263 1994 et
1296 1949 1355 1992 nos
1380 1931 1450 1994 alii·
1544 1939 1545 2020 j

210 2053 271 2114 que
316 2036 433 2100 Christi
468 2037 600 2098 infantes
643 2054 770 2115 aopro
796 2054 834 2098 eo
865 2042 1025 2115 utcunque
1048 2039 1274 2108 balbutientes,
1313 2035 1395 2098 asini
1436 2053 1454 2097 a
1544 2069 1545 2078 κ

211 2141 301 2203 robis
327 2141 530 2220 pingeromur
553 2149 584 2203 et
607 2149 746 2206 stercore
769 2140 1001 2226 coronaremur)
1024 2141 1103 2205 adeo
1120 2140 1279 2203 sotioitavl
1303 2153 1342 2202 ao
1361 2138 1454 2200 oravi

212 2239 269 2307 vos
292 2245 333 2306 de
353 2243 408 2321 pia
431 2261 523 2323 paee,
548 2239 718 2324 propositis
742 2245 847 2308 multis
871 2245 942 2318 viis,
966 2254 1000 2308 ut
1024 2254 1056 2308 et
1079 2245 1152 2307 istie
1173 2245 1213 2306 sit
1241 2261 1347 2306 rumor
1362 2263 1452 2321 spar-

212 2361 278 2420 sus,
317 2356 348 2409 et
371 2349 410 2410 ad
433 2348 494 2411 alia
515 2351 585 2410 loca
608 2347 811 2432 pomeriolas,
834 2367 883 2411 me
905 2365 1080 2428 agnoscere
1102 2350 1235 2428 eulpam,
1275 2354 1307 2409 et
1330 2365 1449 2427 cupere

214 2450 322 2513 venire
345 2453 557 2529 deprecatum.

296 2585 343 2650 Ex
366 2589 452 2650 hisce
475 2595 562 2651 certe
586 2589 830 2654 evidentissimis
852 2589 987 2663 indiciis,
1024 2592 1115 2654 facile
1149 2612 1183 2654 ac
1207 2607 1282 2652 vere
1318 2590 1359 2650 de
1384 2607 1457 2653 mea
1544 2597 1545 2626 l

211 2693 374 2754 voluntate
402 2691 505 2770 quivis
529 2693 681 2757 candidus
704 2713 740 2758 ac
763 2697 834 2771 pius
857 2694 951 2756 homo
977 2695 1116 2756 iudicare
1138 2698 1250 2773 potest.
1544 2677 1545 2686 ¹

297 2831 343 2892 De
366 2847 401 2891 re
424 2847 548 2908 quoque
572 2831 643 2910 ipsa
673 2849 730 2894 seu
754 2831 967 2896 controversia
1002 2831 1148 2895 facillime
1177 2829 1235 2894 tibi
1267 2829 1456 2909 praesertim

210 2933 347 2995 iudicare
371 2941 429 2994 est.
474 2934 550 2996 Nam
572 2935 707 3012 primum
742 2935 771 2998 si
808 2952 846 2998 aa
870 2938 940 2997 sola
961 2935 1184 3014 perpenderes,
1223 2949 1304 3026 quae
1334 2940 1456 2996 tantum
1544 2975 1545 2996 t

210 3033 289 3096 mibi
312 3038 352 3098 de
373 3035 446 3098 istis
470 3039 658 3116 corruptelis
681 3043 749 3100 toto
773 3058 853 3102 anno
877 3039 916 3100 ta
956 3045 988 3100 et
1010 3037 1103 3100 initio
1128 3039 1167 3100 te
1207 3053 1309 3098 coram
1334 3034 1456 3110 dixisti,

211 3137 350 3213 prolecto
389 3139 461 3218 plus
491 3139 570 3202 satis
605 3139 737 3203 haberes
770 3141 925 3204 rationum
947 3145 1268 3220 argumentorumque,
1293 3155 1347 3200 cur
1370 3143 1457 3200 totus
1544 3199 1545 3218 ἦ

210 3237 481 3318 Adiaphorismus,
506 3247 537 3303 et
560 3243 592 3304 in
614 3261 768 3322 praesens
793 3252 824 3308 et
852 3244 884 3307 in
907 3252 1069 3322 posterum
1092 3259 1186 3304 verae
1207 3241 1317 3321 pietati
1339 3241 1457 3306 noxius
1544 3301 1545 3330 ἒ

212 3359 313 3420 eoque
336 3344 434 3405 modis
460 3345 604 3409 omnibus
627 3347 702 3424 piae
724 3348 823 3412 menti
856 3347 1026 3428 fugiendus
1064 3363 1100 3408 ac
1131 3347 1336 3408 detestandus
1361 3353 1457 3407 esset.
1544 3331 1545 3338 ἶ

213 3445 282 3507 Scis
306 3453 339 3506 te
362 3447 439 3508 mibi
464 3465 560 3525 saepe
583 3450 708 3514 solitum
732 3469 983 3523 commemorare,
1008 3447 1165 3528 quomodo
1190 3455 1220 3510 et
1242 3465 1322 3509 auno
1348 3448 1388 3510 40
1426 3447 1457 3508 in
1544 3447 1545 3520 ξ

215 3549 499 3614 Ratisbonensibus
522 3555 669 3626 comitiis,
705 3563 736 3618 et
773 3563 887 3632 postea
916 3555 996 3616 tales
1019 3552 1261 3616 conciliationes
1297 3553 1363 3612 sint
1401 3567 1457 3631 per
1544 3589 1545 3642 p

212 3653 364 3715 Buoerum
393 3661 424 3716 et
447 3657 699 3738 aliosquosdam
723 3659 862 3722 eximios
877 3661 1026 3722 doctores
1046 3662 1196 3727 tentatae,
1219 3660 1327 3732 tuque,
1349 3664 1456 3717 utens

213 3755 383 3820 adiuvares
407 3777 682 3839 commoveres,
718 3762 762 3824 sis
791 3780 809 3824 a
832 3759 1024 3840 landgravio
1049 3769 1083 3829 et
1104 3758 1285 3823 Maroblone
1320 3757 1457 3836 aliisque

213 3855 396 3934 quibusdam
419 3865 617 3942 magnatibus
641 3874 770 3928 oratum.
815 3869 881 3940 Quo
897 3874 1042 3944 tempore
1063 3865 1159 3927 etiam
1183 3863 1306 3926 somnio
1330 3863 1456 3939 hyaena

216 3963 389 4037 divinitus,
405 3977 439 4029 ut
452 3969 517 4030 tibi
539 3973 578 4030 ab
600 3969 673 4032 istis
697 3969 971 4033 conclliationibus
996 3983 1135 4041 careres,
1167 3969 1250 4030 sieut
1279 3965 1354 4044 lpse
1376 3966 1455 4028 iudi·
1544 3967 1545 3978 ‘

213 4068 306 4148 casti,
330 4083 365 4130 es
389 4067 578 4143 admonitus,
602 4074 792 4150 quodetiam
817 4071 954 4136 carmina
975 4071 1114 4150 ipsemet
1133 4067 1371 4156 descripsisti,¹)
1394 4088 1454 4148 quo

213 4171 339 4233 somnio
363 4172 407 4234 ito
432 4174 581 4252 apposite
606 4176 749 4255 pingitur
771 4176 986 4254 Amopnorioa
1008 4177 1109 4254 pestis
1134 4182 1164 4237 et
1186 4165 1389 4253 exprimitur,
1424 4177 1455 4231 ¹¹²

213 4273 315 4334 nullus
340 4275 466 4349 tpelles
505 4285 558 4338 aut
580 4281 718 4341 Durerus
747 4279 875 4343 aliudve
898 4295 1050 4342 summum
1086 4276 1248 4356 ingenium
1287 4275 1453 4354 quicquam

213 4375 318 4451 aptius
355 4377 394 4438 ad
419 4377 627 4456 effingendam
651 4383 742 4444 istam
767 4390 953 4446 venenatam
975 4380 1111 4445 bestiam
1142 4379 1325 4458 excogitare
1350 4384 1452 4457 queat.

221 4566 420 4588 Μ

319 4667 346 4738 1)
367 4669 422 4722 Hoo
441 4687 548 4724 carmen
569 4673 668 4740 legitur
687 4676 713 4726 iu
733 4675 812 4743 Gorp.
831 4675 892 4730 uel.
910 4674 946 4729 X.
966 4693 994 4746 p.
1006 4671 1068 4732 576.
