3120 5206
494 307 735 359 scintillantia
757 307 841 360 ANNI
863 310 935 362 1530.
1290 291 1332 364 fl

112 463 183 538 qnod
208 463 342 524 lanstnrn
372 461 536 537 foelixque
566 463 617 522 sit.
675 461 788 526 Statim
818 461 912 522 initio
942 463 1123 537 prohibuit,
1161 480 1201 523 ne
1230 465 1331 526 nostri

111 563 374 624 concionarentur:
398 581 468 624 cunr
490 563 592 624 nostri
615 581 677 624 non
710 564 816 625 statim
840 570 949 624 essent
971 566 1111 635 assensi,
1142 567 1245 627 tenuit
1268 567 1330 628 dis-

110 667 218 742 putatio
249 682 308 742 per
337 665 484 726 tridnurn.
537 665 674 726 Tandem
704 680 744 726 eo
775 665 941 724 decursum
973 673 1037 736 est,
1068 683 1136 726 curn
1160 667 1333 746 imperator

109 769 182 828 llecti
204 786 264 828 non
290 773 418 844 posset,
448 774 481 828 ut
510 767 637 842 utrique
667 765 749 842 parti
770 767 1035 849 interdicerentur
1058 767 1246 842 conciones,
1276 773 1331 833 im-

27 887 45 906 ·-
105 876 223 944 perator
247 871 311 930 sibi
334 869 384 930 ins
408 871 540 930 retinnit
568 869 783 930 constituendi
814 871 1072 941 concionatores,
1102 873 1158 932 sed
1188 889 1226 934 ea
1248 876 1332 952 lege,

108 971 198 1032 atilli
220 978 341 1033 tanturn
364 975 509 1050 legerent
530 973 647 1032 nndnrn
669 979 799 1034 textum.
846 972 879 1032 ld
901 972 1000 1033 hodie
1023 975 1068 1034 ita
1090 982 1250 1036 servatum
1273 985 1332 1038 est.

108 1074 183 1135 llaec
203 1082 276 1136 sunt
300 1082 475 1135 conventus
499 1075 668 1150 principia.
707 1075 874 1136 Praeterea
896 1074 977 1134 nihil
1002 1076 1105 1136 adhuc
1127 1078 1239 1154 agitur.
1273 1079 1332 1139 Ne·
1375 1079 1380 1090 '

109 1194 160 1250 qne
181 1192 271 1253 qnam
296 1193 385 1254 spem
410 1178 501 1238 vobis
525 1178 703 1247 ostendam,
727 1177 884 1254 intelligo.
932 1177 964 1238 ln
988 1179 1063 1238 aula
1084 1179 1228 1241 Caesaris
1251 1181 1334 1242 nihil

109 1287 150 1340 est
168 1282 238 1354 ipso
261 1281 367 1342 lenius
391 1281 536 1340 Caesare.
588 1279 748 1358 Mitigavit
779 1281 863 1340 enirn
887 1287 918 1340 et
941 1281 993 1340 his
1017 1282 1134 1342 diebus
1165 1284 1334 1344 acerbissi-

109 1401 163 1442 rnas
191 1383 367 1443 sententias
398 1383 574 1459 principum
602 1389 712 1446 contra
740 1399 799 1444 nos
822 1383 934 1443 dictas.
989 1385 1125 1460 Legatos
1150 1385 1333 1460 pontificius
1389 1367 1392 1372 ⁵

108 1486 286 1562 Cannpogins
316 1484 432 1544 dicitur
461 1485 600 1554 hortari,
636 1491 671 1544 nt
701 1485 796 1545 annis
825 1499 876 1545 res
908 1491 1043 1562 geratur.
1103 1487 1174 1548 Fuit
1204 1489 1334 1549 Caesari

109 1587 312 1646 Caracallarins
342 1587 549 1662 Campegius,
582 1587 629 1645 vir
657 1603 804 1646 siraninus.
855 1587 885 1646 ls
915 1586 974 1646 lait
1003 1594 1113 1648 auctor
1134 1590 1241 1662 pacis,
1271 1607 1333 1664 quo

108 1704 198 1764 nuper
219 1693 362 1758 mortno,
390 1687 505 1758 aulici,
536 1689 591 1764 qni
614 1689 707 1750 anobis
731 1707 793 1749 non
816 1691 898 1750 rnale
924 1690 1050 1758 volunt,
1080 1689 1179 1765 palam
1209 1692 1336 1768 praedi·¹

27 1815 28 1820 ¹
110 1797 188 1860 cant,
215 1790 296 1851 nihil
321 1790 392 1866 spei
416 1805 451 1849 se
472 1791 591 1850 habere
614 1790 654 1849 de
678 1789 871 1868 cognitione.
927 1790 991 1850 Hac
1015 1807 1055 1850 ex
1077 1805 1112 1851 re
1134 1793 1236 1853 facile·
1253 1792 1333 1852 iuni-

27 1919 29 1964 ;
110 1893 165 1952 cari
186 1899 311 1966 potest,
335 1897 484 1967 quantun
508 1890 549 1950 sil
571 1890 722 1966 periculi:
748 1907 845 1967 qnare
860 1893 1120 1952 commendabitis
1134 1911 1192 1953 vos
1208 1894 1335 1956 Christo
1401 1941 1402 1946 η

111 2001 137 2052 et
156 1993 326 2072 rogabitis,
349 1999 391 2053 nt
406 1993 460 2053 det
484 2009 602 2080 paceni
616 1994 732 2053 vestris
755 1995 867 2054 liberis
897 2001 929 2052 et
950 1995 1111 2055 canoribus.
1157 1997 1333 2057 Antiochus

111 2096 200 2157 adhuc
222 2096 401 2157 tolerabilis
425 2095 501 2166 luit,
525 2104 558 2155 nrt
582 2097 718 2156 fortasse
741 2098 864 2156 iuturus
888 2103 976 2156 asset
999 2097 1030 2155 in
1055 2095 1180 2167 officio,
1205 2101 1233 2159 si
1257 2101 1333 2173 qnid

27 2183 28 2190 ἵ
111 2199 196 2274 acqui
217 2200 389 2275 impetrare
412 2215 589 2274 possennus.
626 2199 702 2259 Vale
725 2199 894 2258 foeliciter.
939 2199 1106 2259 Dominica
1129 2207 1200 2275 post
1221 2201 1335 2261 lestnrn

112 2302 245 2378 corporis
269 2300 394 2362 Christi.

1035 2387 1208 2459 Φίλιππος.

114 2574 698 2660 n.nnffl(wnpnm
1063 2633 1068 2642 ,
1169 2574 1327 2634 aaa

206 2661 369 2687 M
1165 2658 1336 2687 Μ

177 2753 364 2844 Martinus
390 2747 577 2820 hecthecas
604 2748 655 2818 ad
679 2737 894 2840 Philippum
918 2740 1257 2847 Melanchthonem.

174 2884 251 2956 Hanc¹
276 2883 422 2952 epistolam
456 2883 533 2946 legas
563 2882 590 2931 in
620 2883 652 2930 de
677 2880 774 2932 Wettii
804 2881 964 2932 collectione
996 2882 1070 2934 Tom.
1093 2884 1136 2932 lV.
1167 2900 1193 2950 p.
1212 2885 1336 2938 48-50.
1369 2869 1371 2872 ⁵

204 2963 252 3021 No.
275 2969 349 3022 1234.

117 3139 713 3224 a.nnw(mnpnw
1163 3117 1338 3234 nomn

207 3228 377 3278 Μ
529 3261 634 3366 roan
660 3290 711 3366 ad
738 3295 906 3367 eundem.

175 3429 247 3481 Hanc
270 3443 382 3494 qaoque·
401 3428 548 3496 epistolam
565 3428 628 3479 virle
653 3428 681 3477 in
701 3428 795 3477 eadem
816 3427 974 3478 collectione
1001 3425 1076 3476 Tam.
1095 3425 1141 3475 lv.
1167 3443 1195 3493 p.
1213 3427 1336 3480 51-54.

207 3515 254 3567 Nn.
275 3515 353 3568 1236.

617 3581 823 3595 n——naffl

118 3685 150 3743 n
211 3682 718 3776 nnffltwnaaw
1168 3665 1327 3773 nomn

223 3770 394 3799 *m
1167 3767 1339 3796 M

529 3827 634 3897 ldocn
665 3825 716 3896 od
744 3824 913 3896 cundem.
1010 3853 1014 3860 ·

178 3959 246 4012 Haec
275 3963 359 4014 etiam
390 3959 507 4026 epistola
536 3959 644 4024 legatur
674 3959 702 4008 in
729 3957 777 4008 illa
803 3957 963 4010 collectione
991 3953 1067 4005 'lom.
1087 3954 1132 4004 IV.
1164 3972 1192 4021 p.
1211 3955 1337 4036 or-oc.

210 4047 256 4098 No.
278 4049 352 4100 1240.

620 4113 824 4124 ---.--

27 4187 29 4200 ¹
123 4197 154 4255 n
214 4164 711 4282 nnmlmnpam
1173 4195 1330 4254 aaa

220 4285 388 4313 Μ
799 4277 801 4283 ⁴
1168 4275 1342 4307 Μ,

537 4359 703 4426 Martiae
738 4353 912 4424 bothero.

187 4489 389 4558 Apogrnplrnm,
407 4489 479 4554 quod
498 4488 525 4537 ln.
538 4488 557 4539 l.
577 4494 686 4538 secutus
698 4501 773 4550 num,
792 4488 819 4537 in
833 4486 1002 4537 Bibliotheca
1014 4485 1093 4550 Regil
1105 4483 1252 4536 seminarii
1264 4484 1341 4534 theo-

214 4575 291 4639 logici
308 4573 560 4634 Wittenbergenais
579 4573 723 4624 invenitur.
767 4573 884 4624 Primam
903 4572 1005 4621 editum
1026 4575 1068 4620 est
1091 4587 1106 4620 a
1131 4571 1166 4620 lta
1183 4570 1341 4620 Baxrnanno
