3072 5208
585 335 768 390 snennblx.
1237 319 1303 393 aba

68 561 132 622 52¹1.
167 558 323 622 Nom!
368 561 442 641 (Vol
458 564 481 623 Ι.
503 585 532 640 p.
547 559 635 645 835.)
852 624 855 632 ,
929 564 1072 644 (exeunte
1087 561 1301 636 anno.1526?)

168 646 341 676 Μ
387 678 390 682 .
434 679 440 684 .
965 647 1299 689 ὴ--ῃ--ν

604 748 750 860 iliciana,

132 898 234 976 Quibus
257 900 423 966 argumentis
443 905 592 953 commotas
610 898 761 952 Bracherus
779 900 849 954 hane
869 901 1022 970 epistolam,
1041 917 1120 967 quam
1144 903 1163 958 l.
1177 903 1196 956 l.
1214 919 1242 973 p
1251 906 1302 958 366

158 1002 200 1050 sq.
221 986 271 1052 sub
291 985 401 1036 nolX.
423 985 543 1051 exhibet,
575 987 706 1040 adfinem
726 977 891 1040 sinitote..
904 988 1077 1040 referendam
1095 1005 1156 1044 esso
1181 996 1302 1050 censeat,

161 1073 188 1120 in
210 1076 303 1122 annot
321 1073 364 1124 47.
385 1071 507 1138 exponit.

263 1257 421 1323 lelanto
441 1258 638 1341 Agricolae
659 1257 841 1326 Iolebienat
860 1269 966 1327 emico
988 1285 1046 1329 suo
1073 1270 1099 1328 s.

143 1417 173 1476 S.
196 1416 233 1476 D.
279 1414 369 1476 ltlitto
392 1414 485 1476 vobis
501 1417 679 1489 irenaeum,
702 1399 738 1479 itt
760 1419 910 1496 promisi,
935 1425 967 1480 et
992 1406 1238 1497 explicationem
1269 1419 1298 1479 in

64 1516 127 1578 eius
147 1519 222 1580 loea
246 1518 397 1594 quaedam
421 1519 562 1590 botheri,
587 1537 678 1596 quam
702 1520 891 1599 placituram
915 1538 991 1583 esse
1016 1521 1103 1582 vobis
1127 1501 1238 1599 spem.¹
1254 1523 1301 1582 De

63 1630 125 1684 tola
147 1639 263 1685 caussa
297 1619 407 1683 scribit
444 1637 526 1682 nuuc
549 1623 715 1685 lutherus.
760 1623 827 1703 Ego
853 1632 981 1686 veteres
1018 1624 1104 1685 alind
1142 1643 1205 1684 nou
1229 1639 1297 1684 sen-

63 1728 139 1786 sisse
163 1733 255 1802 ριιιο,
277 1741 369 1801 qnam
394 1725 476 1802 quod
499 1725 541 1786 sit
563 1741 672 1788 verum
696 1745 811 1805 eorpus
835 1725 867 1788 in
890 1725 1097 1789 Eucharistia.
1136 1725 1190 1787 Sia
1213 1724 1299 1787 enim

63 1831 103 1890 ait
125 1826 313 1891 Hilarius
336 1829 416 1890 libro
441 1835 575 1890 octavo:

98 1986 100 1990 ·
138 1950 350 2016 Delveritate
383 1939 487 2010 cornis
524 1955 556 2010 et
578 1947 742 2029 sanguinis
776 1969 838 2011 non
875 1951 1010 2013 relictus
1035 1956 1083 2011 est
1118 1949 1301 2027 ambigendi

62 2051 152 2114 loeus.
198 2055 287 2116 Nunc
312 2054 395 2114 enim
433 2059 465 2114 et
500 2055 603 2130 ipsius
638 2053 758 2114 domini
796 2055 1003 2131 professione
1040 2061 1072 2116 et
1106 2052 1170 2114 fide
1194 2061 1300 2114 nostra

63 2171 131 2215 vare
155 2173 229 2218 earo
255 2161 313 2226 est,
353 2164 383 2216 et
407 2171 483 2215 vere
507 2155 637 2233 sanguis
662 2164 719 2217 est.
764 2157 801 2218 Et
836 2159 917 2218 haee
940 2166 1070 2234 accepta
1106 2165 1201 2232 atque
1223 2152 1299 2218 hau·

63 2264 106 2318 sta
127 2258 158 2320 id
182 2260 338 2329 elfieiunt,
361 2267 396 2320 ut
419 2266 451 2319 et
475 2278 533 2320 nos
556 2261 588 2320 in
613 2257 736 2321 Christo
762 2266 794 2320 et
819 2259 964 2321 Christus
987 2261 1019 2321 in
1043 2261 1136 2322 nobis
1161 2259 1214 2322 sit.

145 2380 245 2442 Vides
271 2398 344 2442 esse
367 2383 482 2444 claram
506 2382 695 2443 sententiam
720 2381 841 2444 Hilarii.
887 2383 978 2442 Extat
1001 2385 1105 2442 autem
1128 2381 1160 2442 in
1185 2387 1297 2442 octavo

63 2482 103 2542 le
136 2488 344 2554 trinitate,
380 2484 409 2562 si
439 2485 528 2544 voles
563 2485 673 2562 legere
708 2488 806 2546 totum
834 2486 951 2564 loeumt
992 2485 1217 2561 Cyprianus
1254 2484 1298 2542 de

63 2602 178 2649 coena
199 2588 363 2651 Domini
398 2585 475 2648 dicit
498 2594 620 2666 aperte,
654 2588 882 2655 eucharistiam
906 2591 951 2650 ita
973 2604 1013 2650 ex
1035 2588 1155 2650 duabus
1178 2587 1297 2647 naturis

63 2697 210 2763 constare,
236 2691 319 2752 sieut
345 2689 489 2752 Christus
513 2707 553 2752 ex
576 2689 686 2753 divina
709 2700 740 2753 et
762 2694 910 2753 humana.
954 2692 1051 2764 Quem
1072 2692 1175 2751 locum
1200 2687 1228 2749 si
1251 2693 1297 2750 to·

63 2793 122 2852 tum
145 2793 280 2872 legeris,
316 2793 442 2854 videbis
476 2801 617 2854 antonem
652 2793 724 2856 sine
755 2795 972 2857 controversia
999 2793 1152 2866 voluisse,
1188 2809 1295 2853 verum

65 2909 174 2972 corpus
209 2899 243 2958 in
267 2895 467 2958 Eucharistia
498 2911 580 2956 esse.
626 2897 664 2958 Et
698 2897 878 2974 Cyrillus
912 2898 952 2959 in
975 2900 1165 2960 loannem
1199 2897 1296 2954 multa

64 2996 176 3059 similia
198 2997 286 3060 dicit.
330 2991 398 3078 Ego
422 3005 528 3081 autem
552 2999 685 3061 arbitron
708 3002 806 3063 totius
831 3002 988 3064 ecelesiae
1013 2999 1202 3060 sententiam
1231 3005 1296 3058 lum

64 3097 160 3161 luisse
184 3120 267 3173 eam,
292 3119 381 3180 quam
404 3103 460 3163 isti
483 3103 680 3181 scripserint.
724 3103 828 3166 Nolim
859 3105 956 3182 igitur
979 3112 1099 3165 temere
1123 3102 1296 3162 dissentire

65 3207 165 3265 atota
188 3205 292 3266 veteri
316 3205 464 3266 eeclesia.
510 3206 670 3278 Rescribe,
708 3225 745 3268 au
778 3209 857 3268 baec
886 3208 1060 3283 acceperis.
1107 3205 1182 3266 Nam
1216 3205 1295 3264 elias

67 3318 150 3379 agam
174 3315 279 3370 tecum
305 3311 364 3370 liae
387 3309 427 3369 de
451 3326 485 3370 re
509 3311 664 3388 pluribus.
709 3311 785 3373 Vale
810 3317 842 3371 et
864 3310 965 3372 saluta
985 3312 1108 3371 amieos.

833 3412 1011 3490 Philippus.

146 3547 201 3608 Sia
234 3549 426 3626 Chrysost
433 3569 540 3612 omns
574 3552 795 3628 supe1loonm
821 3537 906 3612 Pauli
941 3565 991 3625 ep
1015 3549 1036 3612 l.
1071 3549 1109 3610 ud
1132 3533 1294 3608 Chorint.':

66 3643 124 3702 Si
117 3649 215 3725 igitur
238 3651 512 3714 adEuoharistlem
535 3655 670 3725 accedis,
694 3669 773 3732 quae
785 3654 944 3732 gratitudo
968 3659 1000 3714 et
1023 3668 1104 3728 quae
1125 3651 1295 3728 gratianum

65 3749 143 3811 aetio
167 3761 247 3817 est

148 3873 237 3937 lteiu
263 3877 386 3938 Verum
415 3876 468 3938 ubi
491 3879 562 3939 loeo
585 3879 748 3972 sanguinis
770 3879 952 3942 animalium
975 3877 1099 3940 ratione
1122 3873 1296 3938 carentitlm

66 3976 249 4052 sanguinem
272 3981 432 4059 monrium
457 3980 599 4044 Christus
623 3965 757 4045 intinniit.
782 3983 869 4045 Idem
892 3999 969 4044 sane
990 3983 1079 4053 iacit,
1103 3978 1156 4056 qni
1178 3975 1296 4039 Christi

66 4081 242 4153 sanguinem
276 4082 357 4145 bibit
380 4084 530 4162 indigne:
577 4085 767 4164 Sanguinem
790 4085 927 4166 gustasti
957 4087 1158 4156 dominicum,
1182 4089 1214 4144 et
1237 4082 1297 4142 lra-

68 4179 142 4239 tnem
164 4188 250 4246 tuum
274 4205 335 4248 non
358 4189 515 4265 agnoscis,
548 4179 579 4250 et
601 4188 791 4268 praeseutim
814 4187 878 4262 die,
897 4187 964 4266 'qna
986 4205 1110 4250 carnem
1134 4187 1204 4248 eius
1238 4189 1295 4248 lin-

68 4294 125 4354 gua
146 4291 329 4368 contingere
352 4291 467 4369 dignus
490 4291 619 4357 allectus
644 4309 678 4354 es
702 4337 709 4351 .
732 4337 742 4354 .
762 4336 800 4353 .ι.
841 4329 844 4336 ·
953 4318 957 4338 ι
