3072 5208
230 332 298 410 aaa
630 349 876 408 eurrruuaxra
896 353 1075 412 auurrsaa

230 527 290 572 nec
313 511 386 570 volo
412 508 509 570 rixari
533 527 602 569 curn
625 508 686 580 iis,
712 510 766 586 qui
783 512 865 572 hano
882 512 1014 576 formam
1031 513 1167 590 politiae
1182 517 1360 578 defendunt.
1388 517 1448 580 Usi-

229 621 327 674 tatum
353 620 402 673 est
428 615 489 674 iam
513 615 602 674 annis
627 615 771 674 fortassis
804 618 954 677 trecentis
978 619 1156 680 confirmari
1181 621 1306 682 scholas
1329 621 1450 682 auctori-

229 723 294 778 tate
316 714 483 776 Pontificio
506 721 538 776 et
561 711 794 802 Imperator[ia]
820 724 853 778 et
875 717 943 780 dari
967 719 1149 800 privilegia.
1195 723 1232 784 Et
1255 724 1347 784 faveo
1370 727 1450 784 mori-

228 824 285 900 bus
315 818 539 897 praesentibus
569 819 724 880 honestis.
775 819 839 880 Sed
870 839 909 881 oe
942 823 1155 887 Perisiensem
1185 824 1314 901 quidem
1343 828 1451 888 Acade-

228 925 323 984 nriarn
346 920 480 984 arbitror
503 918 742 1005 confirmatahn]
768 939 841 984 esse
864 921 960 985 initio
983 934 1038 988 aut
1053 929 1263 988 Romanorum
1281 930 1451 1006 pontificum

228 1034 281 1088 aut
304 1026 529 1102 Imperatorum
557 1025 705 1086 decretis.

312 1145 423 1206 Sentio
453 1151 559 1206 autem
588 1161 832 1220 unamquanque
862 1149 1030 1209 honestam
1059 1153 1198 1228 rempub.
1232 1157 1263 1210 et
1286 1151 1453 1227 principem

227 1267 325 1328 posse
349 1250 543 1312 constituere
567 1247 741 1324 collegium
763 1249 945 1312 docentium
961 1259 992 1312 et
1005 1250 1242 1339 disce[ntium],
1266 1253 1330 1314 imo
1346 1255 1454 1314 dehere

226 1356 423 1416 constituere
454 1369 528 1422 eos,
560 1367 693 1426 quorum
722 1353 893 1415 facultates
922 1371 1057 1432 magnae
1086 1364 1158 1418 sunt
1183 1357 1308 1428 iudico,
1343 1364 1376 1418 ct
1401 1357 1454 1416 hoc

227 1457 399 1534 collegium
432 1457 474 1516 de
503 1455 572 1516 iure
602 1459 710 1531 potest
738 1455 814 1516 dare
837 1457 1055 1522 testimoninm
1077 1461 1290 1522 auditoribus.»
1343 1461 1453 1522 Gradus

227 1569 331 1622 autem
353 1558 436 1620 nihil
459 1557 546 1619 aliud
570 1563 659 1626 sunt,
690 1555 754 1616 uisi
784 1559 864 1622 haec
895 1561 1088 1644 testimonie.
1120 1570 1154 1630 et
1177 1563 1260 1638 quod
1283 1562 1454 1639 disputatur

227 1666 267 1723 de
290 1668 365 1742 lege
388 1660 549 1739 generali,
572 1661 653 1720 haec
677 1660 739 1720 ianr
763 1662 826 1722 lata
850 1671 915 1733 est,
939 1671 974 1726 ut
997 1665 1164 1743 adprobati
1180 1685 1198 1728 a
1214 1665 1281 1728 suis
1302 1664 1454 1742 collegiis,

227 1772 398 1828 exerceant
421 1771 524 1832 artes,
546 1770 582 1823 ut
604 1763 658 1822 lex
682 1763 714 1822 in
737 1763 849 1824 codice
872 1773 1007 1830 testatur
1027 1768 1070 1828 de
1094 1767 1332 1846 professoribus
1357 1775 1415 1827 etc.

313 1888 376 1948 Sed
402 1887 430 1946 si
454 1882 673 1945 Iurisconsulti
704 1890 736 1942 et
758 1883 879 1947 Medici
903 1889 1024 1948 nollent
1055 1888 1198 1950 contenti
1228 1907 1301 1951 esse
1326 1890 1385 1949 hac
1408 1905 1454 1948 au·
1524 1927 1525 1930 κ

227 1994 375 2053 ctoritate
400 1989 556 2049 communi
580 1987 728 2064 collegii,
753 1989 873 2048 nollem
896 2007 966 2050 curn
990 1990 1038 2051 eis
1061 1993 1169 2054 rixari.

310 2115 344 2172 ln
367 2108 574 2186 Philosophia
598 2114 703 2167 tamen
727 2107 866 2170 discerni
883 2107 1008 2190 'gradus
1033 2121 1182 2188 possent3
1209 2113 1237 2174 si
1256 2118 1361 2173 lamen
1376 2110 1454 2189 prius

227 2218 336 2278 essent
359 2213 405 2275 ibi
429 2211 567 2274 omnium
585 2211 699 2272 artirun
726 2213 943 2288 professores,
968 2215 1222 2294 quiaridiculurn
1237 2223 1333 2286 essct,
1357 2230 1454 2275 creare

226 2323 396 2399 magistros
419 2318 533 2378 artium
557 2315 737 2375 liberalium
760 2317 815 2377 ubi
839 2334 900 2378 nec
922 2319 1051 2394 quidem
1074 2319 1270 2396 praecipuae
1295 2325 1380 2380 artes
1402 2326 1451 2376 tra·

226 2427 384 2486 derantur.
431 2423 523 2481 Certe
547 2419 656 2478 schola
679 2419 784 2481 Attica
815 2422 903 2483 dedit
933 2422 1119 2486 testimonia
1149 2423 1246 2484 etiam
1269 2425 1366 2484 multo
1390 2427 1453 2482 ante

227 2547 319 2604 quarn
342 2529 381 2586 ab
405 2521 652 2600 hnperatoribus
683 2524 865 2584 confirmata
888 2525 956 2585 fuit.

309 2647 347 2707 Et
371 2647 433 2706 iam
457 2661 569 2704 caussa
593 2642 815 2703 consideretur
841 2661 895 2703 our
919 2647 1114 2706 confirmatio
1138 2644 1306 2706 Pontificia
1334 2650 1388 2704 aut
1412 2641 1457 2700 lm-

226 2749 386 2828 peratoria
410 2748 593 2824 denegetur.
628 2745 744 2805 Nolunt
757 2745 905 2808 Pontifex
926 2753 957 2807 et
970 2749 1144 2826 Imperator
1165 2747 1338 2825 propagari
1360 2761 1455 2805 veram

227 2862 258 2912 et
281 2869 390 2928 puram
413 2846 580 2925 Evangelii
604 2842 778 2908 doctrinam
802 2865 839 2910 aa
863 2849 1081 2911 necessariam
1102 2851 1276 2914 Ecclesiae.
1312 2848 1389 2908 ldeo
1412 2844 1453 2904 his

227 2953 424 3032 principibus
450 2959 480 3010 et
504 2949 625 3010 scholis
648 2957 720 3010 sunt
743 2949 875 3012 inimici.

311 3073 348 3135 Et
371 3081 481 3134 contra
502 3079 607 3132 tamen
632 3072 666 3131 hi
689 3073 869 3148 principes,
894 3089 970 3132 vere
993 3075 1179 3135 invocantes
1201 3074 1322 3144 Deum,
1346 3072 1452 3131 dehent

226 3181 331 3240 facere
358 3177 497 3238 officium
526 3193 632 3245 suurn,
664 3183 696 3234 et
727 3177 923 3236 constituere
947 3179 1082 3239 honesta
1106 3175 1252 3254 Collegia
1282 3175 1451 3236 docentium

227 3291 259 3341 et
282 3281 472 3342 discentium
496 3281 614 3340 literas.
661 3279 695 3338 ld
717 3279 876 3356 praecipit
898 3282 993 3343 Deus.
1036 3282 1171 3344 Possunt
1194 3287 1299 3342 autem
1325 3261 1453 3354 collegia

227 3388 303 3446 dare
325 3382 517 3446 testimonia.
980 3369 983 3374 “

311 3509 386 3567 Cum
410 3505 549 3564 lulianus
573 3503 678 3563 edicto
709 3502 894 3576 prohiberet
926 3503 1050 3564 admitti
1075 3499 1353 3587 Chri[sti]anorum
1383 3498 1452 3559 libe·

227 3628 278 3670 ros
309 3609 341 3668 in
372 3609 498 3668 scholas
527 3605 691 3680 publicas,
728 3605 902 3669 Christiani
931 3605 1079 3682 proprias
1101 3607 1235 3668 scholas
1259 3613 1292 3666 et
1314 3604 1452 3684 proprios

226 3718 337 3773 coctus
365 3710 555 3771 discentium
585 3707 797 3776 instituerunt.
857 3708 922 3770 Nec
951 3715 1001 3770 est
1030 3709 1199 3772 dicendum
1230 3727 1292 3770 uon
1329 3706 1453 3768 licuisse

225 3822 298 3874 tuuc
327 3811 516 3876 Cluistiauis
549 3812 623 3872 dare
652 3809 839 3873 testimonia
873 3811 1081 3874 auditoribus.
1141 3810 1222 3872 hno·
1244 3808 1452 3872 crescentibus

227 3926 299 3978 tunc
328 3917 448 3977 scholis
478 3922 510 3974 et
539 3910 655 3974 studiis
694 3913 962 3983 Christianorum,
1000 3915 1109 3991 plures
1145 3911 1293 3974 homines
1323 3909 1452 3994 amplexi

226 4027 297 4080 sunt
326 4019 534 4098 Evangeliurn
566 4017 692 4078 invitati
723 4017 870 4078 honestis
904 4016 1019 4081 studiis
1049 4023 1081 4077 et
1110 4017 1283 4094 disciplina
1301 4015 1452 4086 ‚Christia-

226 4141 343 4184 norum.
399 4124 563 4186 Libentius
603 4122 686 4182 enirn
729 4121 895 4182 mittebant
930 4121 1060 4184 honesti
1100 4121 1221 4182 liberos
1262 4120 1301 4182 ad
1328 4118 1452 4193 ,scholas

226 4222 529 4311 Chri[sti]a[norurn]
554 4226 609 4285 ubi
633 4241 739 4284 mores
765 4229 854 4284 erant
879 4224 1094 4302 honestiores.

867 4345 1034 4421 Philippus
1058 4343 1252 4404 Melanthon.

865 4445 1012 4508 loaehim.
1038 4447 1236 4508 Camerarius
1259 4445 1330 4507 Pub.
