3064 5206
468 313 712 372 suentensem
732 317 814 370 num
838 318 915 372 roco.
1257 297 1322 370 405

94 476 163 550 tito,
193 473 252 539 uo
274 475 445 554 {intutior
466 475 539 539 &ott
575 477 651 538 tuelle
685 475 724 538 tte
745 474 799 550 fodr
835 490 868 554 tu
889 453 988 554 putten
1010 473 1072 536 tube
1094 473 1235 552 oducunt
1266 473 1320 538 turb

92 579 147 642 du.
169 579 281 658 diruet
303 579 468 656 murittum

520 719 524 728 -
643 677 704 740 dut.
732 679 781 740 tt.
804 679 945 746 December
968 679 1061 740 tutu.

458 813 495 880 C.
519 815 631 894 dimit
652 817 766 898 uitligo

873 919 1022 999 iiitttptut
1044 919 1211 996 merorum.

88 1225 151 1286 121.
183 1227 238 1284 No.
252 1224 365 1286 treet
410 1227 584 1301 (votvm.
605 1247 633 1306 p.
648 1226 735 1301 eit.)
1159 1237 1207 1286 tt.
1221 1229 1289 1286 Dec.

187 1308 361 1340 Μ
1112 1311 1309 1342 Μ

541 1437 675 1506 loanni
699 1436 875 1506 scornio.

148 1585 221 1636 Hunc
240 1585 386 1652 epistolum
406 1601 441 1636 ex
460 1585 623 1654 apographo
641 1583 731 1636 Secuii
748 1584 835 1636 XVII.
855 1585 972 1653 primum
992 1585 1079 1636 edidit
1103 1586 1167 1636 iter·
1186 1585 1235 1636 Vir
1254 1584 1315 1636 Gur.

179 1669 305 1722 Schmidt
327 1671 357 1722 in
377 1670 506 1722 Niedueri
523 1669 776 1738 Ephemeridibus:
803 1665 942 1737 sstititittiit
969 1665 1012 1737 ft'tt
1029 1667 1067 1724 iit
1086 1665 1215 1736 btfictifdt
1234 1668 1315 1736 titus

179 1738 245 1808 {cpit
264 1741 328 1792 tnui
348 1739 422 1793 tutu.
443 1739 579 1791 Fuscdll.
598 1741 690 1808 putu
707 1754 750 1804 eq.
770 1739 852 1807 epist.
866 1741 907 1791 12.

413 1892 506 1958 Pttt.
530 1892 696 1958 Melanch.
720 1892 845 1957 Ioanne·
863 1893 1021 1958 Sturntt'o.

159 2033 229 2096 Etsi
253 2033 324 2095 seni
348 2052 417 2096 curn
433 2034 571 2114 coniuge
594 2043 627 2096 et
648 2035 776 2096 filiubus
800 2032 920 2096 ortuis
942 2038 1043 2096 matre
1065 2029 1225 2104 filiumeu,
1243 2051 1314 2110 pro-

84 2135 128 2193 cul
158 2134 323 2214 proficisci
351 2153 573 2199 aerumnosum
597 2145 666 2209 est,
703 2142 808 2199 tumen
832 2153 894 2216 ego
918 2134 1046 2212 quidem
1070 2136 1099 2196 si
1121 2135 1162 2197 ed
1184 2153 1242 2196 vos
1264 2153 1314 2197 ao-

84 2237 236 2311 cederem,
259 2258 321 2301 uon
345 2239 520 2301 iudiearem
542 2255 594 2301 me
616 2239 649 2300 in
674 2235 807 2302 exilium
829 2238 887 2299 ire.
932 2237 1013 2310 Quid
1036 2235 1122 2299 enim
1144 2236 1225 2298 mihi
1247 2238 1313 2300 dul-

85 2339 149 2400 cius
173 2349 272 2413 esset,
306 2324 496 2420 proesentim
530 2345 564 2405 in
586 2345 646 2406 huo
668 2349 810 2413 senocto,
842 2359 935 2419 quoru
964 2341 997 2402 in
1020 2341 1076 2402 illo
1099 2339 1313 2426 pulcherrimo

84 2449 168 2504 coetu
177 2442 200 2524 ¹)
236 2451 283 2506 tot
315 2444 455 2508 virorum
483 2446 715 2524 praestantium
750 2445 921 2522 sapientie,
956 2441 1149 2514 eruditione,
1182 2443 1313 2518 virtute,

83 2545 147 2605 luce
168 2545 291 2617 divina,
316 2547 461 2623 quotidie
485 2549 596 2610 audire
621 2563 783 2610 sermones
806 2545 1031 2626 gravissimos,
1062 2553 1094 2608 et
1116 2563 1192 2608 vere
1214 2541 1313 2632 γηρά-

83 2667 163 2712 σκειν
182 2652 321 2726 πολλοῖς
342 2647 598 2735 eremmanos?
643 2653 747 2726 Qume
770 2652 889 2730 gratius
912 2647 1006 2714 vobis
1029 2652 1174 2716 omnibus
1196 2653 1313 2731 habeo,

83 2749 202 2826 quiue
226 2755 266 2816 ud
290 2773 348 2820 vos
372 2755 551 2821 accersitis.
595 2755 664 2818 Etsi
693 2763 798 2819 eutem
827 2753 973 2832 quotidie
1001 2753 1134 2818 exilium
1165 2762 1311 2832 expecto,

84 2859 178 2917 tumen
203 2875 289 2918 nunc
311 2857 440 2934 quidem
473 2857 588 2919 iudicii
612 2858 838 2935 expectatione
861 2854 1011 2918 retineor.
1056 2854 1222 2934 Principes
1244 2858 1311 2938 qui-

83 2955 162 3031 dum,
199 2967 367 3039 postquam
397 2961 587 3023 audiverunt
621 2975 671 3024 mc
707 2961 836 3036 publico
861 2961 980 3037 scripto
1010 2961 1215 3024 refutaturum
1237 2980 1312 3026 esse

82 3059 239 3127 diuciunus
264 3065 450 3136 calumnias,
474 3065 683 3127 ostenderunt
706 3080 742 3126 se
765 3064 977 3142 dirempturos
1001 3079 1074 3127 esse
1098 3066 1179 3127 hunc
1201 3063 1310 3142 litem3

82 3164 232 3246 διαιτητὴς
254 3173 303 3229 est
333 3167 524 3230 Anhultinus
547 3169 666 3229 senior.
710 3165 885 3230 Meministi
907 3181 959 3226 me
982 3168 1058 3228 olim
1083 3169 1223 3230 scribere
1254 3171 1310 3232 im·

83 3267 214 3340 pendere
250 3269 330 3332 mihi
364 3269 564 3332 Therumin'rs
586 3271 684 3331 tntum
718 3267 773 3346 qui
810 3287 829 3330 a
857 3268 994 3348 collegis
1033 3267 1220 3332 incorrectus
1252 3279 1309 3334 est.

81 3369 141 3432 Etsi
164 3423 170 3435 .
195 3421 202 3433 .
227 3422 234 3435 .
255 3371 283 3454 n)
310 3373 409 3436 multu
432 3380 542 3435 veteru
565 3375 710 3452 exemplu
734 3371 854 3451 cogito,
876 3380 982 3434 tamen
1005 3371 1214 3435 domesticum
1240 3375 1308 3437 Ga·

83 3476 243 3549 pnionis
278 3475 357 3538 mihi
386 3477 489 3554 magis
520 3475 552 3538 in
579 3485 754 3555 conspectu
777 3485 835 3539 est.
879 3477 914 3538 st
935 3472 1009 3537 tatis
1033 3477 1094 3537 erit
1117 3476 1213 3538 huius
1236 3494 1309 3540 con-

81 3573 144 3639 citit
176 3579 294 3652 exitus,
327 3585 361 3640 ut
394 3577 562 3641 discedere
591 3596 696 3657 eogur,
729 3582 813 3640 bene
836 3594 958 3639 mecum
981 3576 1034 3656 agi
1071 3578 1228 3656 cogitabo.
1274 3581 1309 3644 Si

82 3679 149 3752 quid
171 3681 297 3745 accidat
318 3680 440 3753 durius,
464 3699 519 3742 oro
543 3683 657 3744 Filium
679 3680 752 3753 Dei,
790 3690 824 3742 ut
846 3697 898 3742 me
920 3682 1075 3760 gubernet
1097 3687 1130 3741 et
1152 3688 1308 3760 proteget.

81 3779 138 3843 Huc
159 3782 191 3845 in
215 3800 250 3845 re
279 3792 417 3846 nuncet
440 3785 501 3845 hoc
524 3783 757 3846 incommodum
778 3783 905 3854 occidit,
934 3779 1254 3860 quoddammodo
1276 3793 1309 3847 et

81 3899 161 3946 meus
183 3902 282 3965 gener
303 3884 473 3950 Peuceruo
495 3887 607 3948 obsunt
638 3886 836 3964 expotiutum
858 3887 1085 3965 Nocibergum3
1124 3887 1182 3949 sed
1211 3903 1307 3966 spero

82 3985 230 4052 redituros
260 3995 333 4051 ante
355 3989 441 4050 diem
464 3987 587 4051 iudicii.
633 3989 709 4051 (iun
733 4007 811 4068 ergo
834 4005 888 4051 me
918 3990 970 4052 his
994 3991 1201 4068 compedibus
1232 3992 1306 4054 reti·

82 4089 143 4151 neri
165 4091 375 4172 intelligetis,
409 4091 506 4154 ulium
528 4091 691 4172 quaeretis
725 4095 879 4156 lectorem
901 4095 1111 4173 theologum
1147 4111 1207 4156 nec
1228 4099 1306 4173 puto

81 4192 157 4270 apud
178 4215 237 4259 vos
262 4211 336 4259 esse
346 4193 372 4282 ⁸)
395 4197 478 4259 otios
501 4195 604 4276 magis
627 4197 763 4262 idoneos
787 4211 879 4274 quem
902 4211 964 4275 ego
987 4213 1065 4259 sum.
1101 4195 1161 4271 Qui
1183 4198 1248 4260 mei
1262 4198 1306 4262 le·

82 4347 271 4367 ’ἣ--ι

162 4435 189 4504 1)
208 4435 268 4492 scii.
288 4436 422 4505 Colloquii
439 4435 661 4516 Wormetieusis.

156 4525 184 4590 2)
202 4523 263 4576 Vox
281 4524 310 4576 h.
328 4524 348 4579 1.
368 4524 396 4576 in
419 4525 579 4594 apographo
599 4525 704 4595 scriptu
723 4525 756 4578 ab
776 4524 882 4580 editore
899 4525 956 4595 legi
974 4543 1028 4581 uon
1046 4530 1146 4598 potuit.

156 4609 184 4677 3)
203 4609 278 4681 ene]
298 4610 424 4666 Schmidt
441 4613 601 4683 suspicetur
617 4629 668 4682 pro
687 4632 719 4668 eo
740 4627 802 4669 ecee
820 4615 981 4684 tegendum:
1006 4631 1070 4670 uon
1088 4633 1160 4673 ceso.
