3064 5206
205 309 277 383 Μ
612 325 858 382 nomannorum
878 323 961 382 nnus
982 329 1058 382 nno.

207 483 407 552 convenient,
445 480 559 558 quilms
598 482 686 542 oondi
718 490 769 544 esl
799 483 957 544 eeclesiae
994 485 1219 560 tranquillilas,
1263 481 1381 544 Utinam
1404 482 1438 541 ad

207 587 377 648 l’nlallrmm
401 584 560 656 venisses,
585 601 677 662 quem
703 584 794 646 bonis
817 585 968 661 sanisque
992 586 1138 650 consiliis
1162 587 1256 648 initio
1281 585 1359 663 regi,
1382 603 1439 644 rna·

207 703 351 768 grropare
375 685 528 750 inleriuil.
564 691 608 748 Ae
631 689 658 747 si
677 705 737 764 qna
760 705 796 748 se
814 687 925 751 offerat
942 687 1082 762 occasio,
1106 698 1246 772 praestat
1264 707 1336 750 sero
1353 706 1439 766 quam

208 809 378 867 nunquam.
421 789 580 866 Quidquid
602 799 706 854 lumen
732 791 895 861 statueris,
930 810 1007 868 rogo
1033 798 1064 854 le
1089 801 1121 853 el
1144 797 1298 864 obtestor,
1330 798 1365 855 ul
1395 806 1440 850 me

208 912 301 970 qnam
326 894 456 970 orimum
495 892 665 956 cerliorem
688 893 798 958 lacius.
843 895 932 965 Vale,
971 895 1188 972 praeslanliss.
1213 899 1261 956 vir
1298 903 1330 955 el
1366 894 1440 955 mihi

208 1013 334 1074 semper
359 1013 398 1057 ax
421 994 526 1056 animo
550 999 741 1062 uenerande.
773 998 926 1058 Dominus
950 1003 982 1057 le
1012 1013 1138 1076 semper
1153 997 1273 1059 uirlule
1296 1015 1352 1058 sua
1375 1015 1437 1056 sns-

208 1098 327 1168 linenl,
361 1098 476 1176 spiritu
499 1099 663 1178 guberna,
687 1099 851 1178 praesidio
875 1107 1007 1162 luealur.
1046 1099 1160 1170 ‚Sulula
1180 1100 1314 1171 amicos,
1336 1101 1366 1162 si
1392 1099 1442 1174 qui

211 1199 309 1262 isllrie
333 1207 413 1262 sunl.

292 1320 496 1392 Frurrcoiurli,
524 1323 570 1381 ll.
595 1319 793 1398 Septembris
819 1323 909 1384 1556.

823 1443 956 1504 loannes
981 1443 1132 1504 Calvinus
1156 1450 1237 1504 luus.

723 1611 928 1624 m

209 1751 280 1811 414.
316 1744 500 1860 ΜΨ.
545 1731 720 1828 (vonum
742 1769 769 1824 p.
786 1741 872 1828 aaa.)
1254 1825 1258 1833 ¹
1307 1749 1438 1863 rafam.

418 1938 578 2006 loannes
605 1958 628 2004 a
656 1937 778 2006 Lusco
807 1933 858 2005 ad
883 1933 1223 2009 Melanolrlooem.

275 2099 316 2152 Ex
334 2099 462 2166 Epistolis
481 2101 512 2152 ad
534 2101 702 2153 Carnerarios
722 2098 790 2152 llSo.
810 2100 836 2152 in
855 2098 1024 2154 Bibliotheca
1042 2099 1083 2152 dl.
1098 2099 1218 2153 Moirrleri
1236 2101 1358 2154 Pastoris
1377 2099 1436 2151 dus·

310 2205 370 2242 rrae.
407 2186 594 2256 Apogruphou
614 2185 682 2240 Clau.
703 2186 767 2236 l'iro
785 2187 935 2254 Voegelirro
954 2187 1051 2242 debeo.
1069 2211 1103 2227 ο·-
1122 2186 1194 2238 liaeo
1211 2188 1329 2254 epistola
1347 2190 1374 2238 ia
1386 2186 1438 2239 col·

310 2272 422 2324 leolione
441 2271 617 2340 epislolarum
646 2270 752 2322 loannis
778 2270 908 2333 aLasco,
941 2287 1019 2336 quam
1048 2271 1254 2324 ardennam
1282 2273 1310 2322 in
1339 2271 1436 2324 Scrinia

309 2357 468 2423 antiquario
487 2357 582 2420 edidil,
600 2357 781 2412 desideratur.

654 2493 849 2577 (Inscriptio
877 2496 995 2577 deest.)

154 2644 155 2647 ’
228 2631 242 2674 ἵ
288 2636 319 2696 S.
358 2635 388 2695 ln
413 2635 569 2694 communi
596 2634 830 2692 noslrodolone
849 2634 951 2694 salius
971 2634 1039 2694 lore
1065 2635 1435 2710 pulmenvirsanelis-

205 2738 297 2806 sime,
328 2738 356 2796 si
388 2741 493 2795 noslra
517 2735 647 2794 vulnera
676 2733 804 2811 placide
834 2743 867 2794 el
897 2743 1037 2796 arnanler
1067 2743 1316 2806 conuael'emus,
1351 2753 1434 2814 qnam

205 2837 425 2916 permittamus
446 2835 559 2922 uallum
584 2836 647 2896 illis
671 2845 778 2897 nostro
803 2837 932 2898 silenlio
956 2838 1088 2898 obduci:
1120 2839 1203 2914 quod
1228 2838 1433 2900 difficiliorem
1512 2865 1513 2868 ¹

203 2943 284 3002 forle
305 2947 422 3018 poslea
434 2937 548 3000 reddat
572 2939 696 3000 illorum
712 2938 916 3002 durationem.
939 2941 1006 3000 nusi
1030 2949 1137 3002 aulem
1160 2940 1303 3003 dolonem
1326 2945 1433 3020 augear

203 3045 271 3104 lore
295 3057 502 3118 qrraeannque
524 3043 650 3103 landem
664 3043 824 3103 vulnerum
841 3043 1071 3104 conlreelalio:
1095 3050 1236 3120 praestal
1258 3049 1363 3105 lamen
1386 3043 1433 3103 illa

204 3147 319 3216 eiurari,
344 3155 372 3206 el
391 3146 979 3224 eonlreelalionis'doloremperlerre
1005 3161 1098 3222 quam
1123 3165 1180 3223 pus
1204 3146 1319 3207 inillis
1342 3149 1432 3208 alere.

204 3249 288 3311 llilril
311 3251 422 3311 dubllo
448 3247 507 3308 lili
530 3249 641 3309 dolere
665 3248 746 3311 hano
767 3248 984 3310 Ecclesiarum
1006 3249 1280 3319 dissociationem,
1304 3249 1348 3310 mi
1370 3247 1431 3310 Phi·
1511 3243 1512 3276 ³

204 3355 293 3430 lippe
318 3351 383 3428 (oui
404 3351 489 3411 enim
503 3353 587 3412 bono
607 3368 668 3412 non
685 3353 794 3412 doleat
803 3346 845 3432 l),
870 3353 926 3412 sed
949 3352 1024 3428 quid
1047 3353 1177 3429 prodest
1200 3351 1354 3421 doluisse,
1376 3347 1432 3411 nisi

204 3470 391 3533 quaeramus
415 3455 580 3517 rernedlal
623 3454 726 3525 Quare
750 3456 875 3532 gaudeo
898 3459 955 3516 alus
979 3463 1010 3514 re
1033 3455 1171 3531 proponi
1191 3456 1383 3516 remedium:
1405 3457 1432 3512 ol

202 3567 235 3619 le
258 3556 381 3628 testari,
406 3555 491 3633 quod
513 3558 653 3635 (etiamsi
676 3557 733 3618 alil
755 3555 898 3639 cessem)
934 3563 987 3618 luo
1013 3563 1045 3618 ln
1083 3557 1140 3618 lrao
1162 3555 1192 3617 in
1217 3565 1308 3634 par-le
1331 3557 1431 3619 olllcio

203 3663 320 3723 deesse
330 3657 377 3743 (l)
388 3659 490 3720 rrolris.
516 3659 683 3721 Assentior
695 3659 884 3731 anlemlibi,
905 3661 1019 3721 nullum
1047 3673 1119 3720 esse
1140 3675 1239 3738 posse
1262 3662 1369 3737 aplius
1390 3677 1430 3721 re·
1510 3685 1511 3720 r

203 3765 340 3826 medium
362 3763 444 3824 analo
468 3762 554 3835 lunia
578 3779 670 3839 quom
695 3767 890 3825 moderatum
913 3764 1042 3839 aliquod
1068 3765 1193 3840 nio-rum
1216 3781 1252 3825 no
1275 3765 1429 3826 doelomm

202 3865 363 3928 nominum
388 3867 592 3941 colloquium.
638 3867 712 3927 llam
735 3867 775 3927 de
799 3866 1166 3943 communibusSynodis
1191 3865 1239 3949 (ul
1264 3883 1345 3928 nune
1368 3869 1429 3927 sunl

202 3971 360 4049 lemnum)
383 3985 452 4030 enm
475 3968 675 4030 Nazianzeno
697 3971 793 4048 plane
816 3968 931 4031 senlio.
977 3969 1062 4029 idem
1099 3973 1196 4030 senlil
1219 3977 1253 4030 el
1275 3969 1430 4036 Caluinus,

202 4070 257 4146 qui
280 4071 333 4134 hio
356 4071 418 4133 iam
444 4072 536 4132 nobis
552 4074 653 4142 undosi,
676 4089 799 4148 suoque
824 4090 859 4132 se
884 4072 992 4134 oilleio
1015 4072 1191 4133 delaturum
1217 4071 1269 4134 nio
1292 4087 1430 4135 nonesso

202 4172 380 4248 polliacum.
405 4175 559 4236 deosum
581 4174 719 4236 deluluri
744 4175 850 4251 plures
864 4173 1091 4253 huicnegolio,
1108 4176 1136 4236 si
1158 4175 1257 4236 modu·
1276 4177 1429 4252 procedul.

199 4276 261 4336 Sed
285 4283 372 4336 luam
397 4277 469 4346 eril,
491 4275 568 4338 illud
591 4291 790 4354 promovere.
822 4277 889 4338 lloa
912 4284 971 4347 eal,
994 4279 1035 4337 de
1058 4279 1129 4339 looo
1152 4285 1185 4338 er
1207 4284 1355 4354 lampone
1373 4279 1423 4338 col-

199 4377 301 4454 loquii
324 4380 463 4439 habendi
498 4387 648 4442 slaluere.
696 4380 799 4442 Noslri
823 4380 950 4458 quidem
975 4387 1132 4459 oplarenl,
1171 4379 1202 4439 id
1238 4381 1292 4441 lrie
1325 4380 1427 4442 haberi

198 4496 297 4562 posse
320 4486 453 4560 propiet
469 4481 662 4559 Halieuma,
691 4490 721 4543 el
745 4484 811 4546 illis
835 4484 1001 4546 adiunctos
1015 4481 1193 4568 Ecclesiae:
1218 4483 1335 4572 quibus
1356 4480 1426 4544 alibi

199 4584 251 4644 vix
276 4590 342 4643 lule
366 4590 473 4644 esseni
497 4583 625 4655 itinera,
649 4587 711 4646 lme
729 4604 804 4647 vero
829 4586 1187 4676 aornmodiusperlrahi
1206 4592 1348 4662 possem.
1371 4585 1426 4648 Sed
