3072 5208
167 321 238 396 248
567 338 811 392 surrunuanra
832 339 912 390 aaut
935 339 1010 393 isac.

172 498 289 575 populo
314 496 479 558 maximam
506 513 578 556 esse
592 493 616 576 ¹)
640 493 873 554 multitudinem
905 493 1065 556 inimicam
1094 495 1245 572 religioni
1269 504 1303 556 et
1327 497 1410 574 legi-

169 603 245 669 bus,
281 597 427 676 cupidam
458 597 602 660 infinitae
638 598 809 666 licentiae,
848 596 1046 658 invidentem
1076 598 1202 658 alienae
1232 600 1413 674 potentiae,

171 700 375 768 seditiosam,
418 699 666 766 inconstantem,
702 713 868 773 rapacem,
905 699 1046 773 denique
1074 700 1209 760 audacia
1240 708 1272 760 et
1301 703 1412 762 furore

170 799 406 881 praecipitem?
460 801 546 862 Halm
570 817 691 860 armare
715 803 774 860 hac
798 803 1026 874 persuasione,
1052 809 1086 861 ut
1110 811 1201 879 putet
1224 804 1287 864 sibi
1312 805 1415 864 licere

172 906 319 982 dogmata
341 912 373 966 et
388 906 478 981 leges
494 913 614 964 mutare
631 912 684 964 aut
702 904 812 964 delere
829 905 900 964 sine
916 905 1115 982 superiorum
1132 907 1264 976 iudicio,
1289 925 1415 969 summe

158 1008 328 1077 amentia,
354 1015 384 1068 ct
408 1008 643 1068 atrocissimum
667 1009 772 1068 scelus
796 1006 931 1066 videtur.

258 1109 323 1170 Nec
345 1117 455 1170 vetera
477 1117 596 1171 lautum
620 1111 767 1186 exempla
784 1117 1045 1180 commemorant,
1069 1112 1127 1170 sed
1144 1112 1239 1173 elima
1255 1115 1414 1176 recentia.

175 1213 215 1272 Ut
243 1230 313 1274 cum
335 1212 460 1288 Ulyssis
491 1212 574 1272 socii
603 1219 714 1272 ventos
745 1229 783 1272 ex
816 1219 904 1281 utre,
935 1215 966 1274 in
996 1229 1089 1288 quem
1118 1214 1259 1276 inclusos
1291 1218 1417 1278 Aeolus

176 1314 283 1391 Ulyssi
305 1315 454 1384 dederat,
478 1317 670 1384 emiserunt,
694 1316 815 1390 passim
836 1317 866 1375 in
883 1316 1027 1378 diversas
1042 1319 1127 1378 aeris
1143 1318 1295 1396 regiones
1313 1337 1417 1380 eram-

176 1425 289 1494 pentes
321 1416 488 1478 contrariis
519 1418 646 1480 flatibus
677 1433 763 1476 mare
794 1419 970 1494 agitarent,
1006 1426 1040 1478 ut
1069 1419 1216 1496 ingentes
1249 1423 1419 1496 procellae

177 1520 281 1580 navim
305 1519 445 1594 undique
470 1526 670 1594 quassareut:
704 1519 750 1578 lta
773 1537 856 1579 nurrc
887 1526 1056 1595 postquam
1087 1525 1187 1582 semel
1211 1523 1417 1599 propositum

179 1630 227 1682 est
264 1623 442 1698 exemplum
481 1626 519 1682 ab
552 1621 712 1681 ordinaria
751 1626 910 1698 potestate
946 1621 1150 1695 discedendi,
1186 1629 1297 1686 multis
1335 1627 1420 1686 locis

178 1722 325 1784 homines
349 1724 495 1793 fanatici,
520 1726 624 1800 palam
647 1723 761 1784 furiosi
784 1723 925 1800 tragicos
947 1727 1100 1785 tumultus
1124 1727 1156 1786 in
1181 1727 1339 1790 Ecclesiis
1367 1745 1419 1789 ex-

180 1827 323 1886 citarunt.
359 1826 423 1886 Hos
448 1827 544 1902 igitur
567 1827 707 1886 iudicant
731 1842 846 1886 nervos
870 1834 965 1900 atque
990 1836 1076 1888 artus
1098 1828 1209 1906 esse²)
1232 1831 1421 1906 sapientiae

180 1929 211 1988 in
245 1929 322 1988 viris
352 1927 514 2001 politicis,
547 1928 701 1988 acerrime
739 1945 941 2005 propugnare
980 1930 1173 1992 ordinariam
1202 1933 1420 2002 autoritatem,

119 2087 128 2106 ,
181 2037 328 2106 receptos
353 2048 475 2101 rnores,
499 2039 531 2090 et
555 2047 751 2092 communem
775 2047 973 2092 consensum.
1066 2103 1071 2119 ‚

266 2133 351 2194 Hanc
374 2134 550 2196 terribilem
574 2129 765 2202 orationem,
790 2141 937 2208 tanquam
958 2143 1053 2211 caput
1071 2136 1246 2213 Gorgonis,
1272 2141 1421 2198 omnibus

182 2235 339 2296 aetatibus
369 2235 528 2298 ecclesiae
559 2237 760 2313 obvertunt³l
791 2243 957 2312 potentes,
993 2253 1074 2312 quae
1105 2239 1144 2297 ad
1167 2239 1421 2302 inflammandam

184 2355 293 2414 regum
317 2340 511 2400 iracundiam
535 2339 627 2398 valde
650 2339 885 2400 accommodata
909 2347 965 2398 est.

269 2442 333 2502 Nec
364 2459 440 2502 vero
471 2442 550 2526 nihil
584 2459 746 2504 moremur
773 2461 830 2502 nos
863 2445 922 2504 bac
953 2444 1053 2502 atroci
1077 2443 1229 2505 oratione.
1287 2443 1368 2504 Nam
1392 2453 1423 2504 et

184 2562 242 2604 nos
273 2563 401 2622 pacem,
440 2546 639 2608 concordiam
671 2546 867 2622 principum,
904 2545 974 2618 et⁴)
1006 2545 1213 2622 imperiorum
1242 2547 1423 2621 tranquilli-

185 2654 279 2706 tatem
305 2657 459 2724 optamus.
511 2650 574 2709 Nec
598 2651 636 2709 ab
660 2649 820 2708 ordinaria
852 2657 1012 2724 potestate
1042 2648 1113 2708 sine
1138 2651 1312 2724 perspicuo
1339 2668 1422 2710 man-

185 2749 258 2810 dalo
277 2751 397 2818 ,divino
430 2753 681 2812 dissentiendum
711 2767 782 2810 esse
815 2769 990 2812 censemus.
1050 2752 1114 2812 Nec
1143 2753 1285 2820 laxamus
1317 2755 1423 2814 frenos

185 2853 396 2923 multitudini,
426 2856 484 2914 sed
509 2857 570 2914 hoc
593 2855 747 2916 sentimus
779 2863 809 2914 et
835 2859 1020 2931 probamus,
1052 2856 1137 2929 qarod
1168 2857 1318 2931 Apostoli
1351 2874 1423 2916 con-

185 2957 360 3018 sentientes
390 2956 513 3017 dicunt:
549 2959 679 3032 Oportet
708 2959 776 3019 Deo
806 2959 908 3033 magis
939 2959 1071 3021 obedire
1101 2977 1194 3032 urrann
1226 2957 1422 3024 bominibus.

185 3059 318 3136 Semper
341 3059 385 3120 ita
409 3078 518 3120 ornares
543 3063 613 3142 sani
635 3061 829 3129 iudicarunt,
860 3061 1001 3123 divinam
1032 3059 1236 3124 autoritatem
1266 3062 1424 3122 flutuanse

186 3164 423 3227 anteferendam
448 3180 529 3223 esse.

273 3266 333 3328 Sed
358 3268 545 3344 praecedat,
575 3268 736 3341 inquiunt,
769 3265 920 3342 cognitio.
973 3264 1098 3325 Utinam
1122 3263 1250 3341 quidem
1275 3273 1364 3327 esset
1387 3280 1423 3324 ea

185 3375 428 3450 gubernatorum
452 3371 616 3432 Ecclesiae
641 3372 761 3446 pietas,
792 3376 826 3428 ut
857 3369 993 3444 gloriam
1016 3368 1094 3435 Dei,
1127 3373 1158 3426 el
1189 3368 1323 3430 salutem
1357 3367 1422 3426 ani-

185 3493 303 3535 marum
335 3457 527 3535 anteferrent
564 3476 630 3534 suis
665 3472 911 3548 cupiditatibus,
951 3479 981 3533 et
1016 3468 1190 3530 doctrinam
1222 3470 1422 3530 emendarent

186 3575 267 3651 ipsi,
293 3585 324 3636 et
347 3576 548 3654 disciplinam
576 3577 627 3652 pie
652 3582 807 3651 regerent.
860 3573 923 3634 Sed
946 3574 1031 3634 Deus
1056 3570 1234 3635 Ecclesiam
1265 3589 1353 3632 suam
1379 3571 1421 3632 ita

185 3683 358 3757 gubernat,
382 3687 415 3740 nt
441 3679 607 3740 tradiderit
632 3681 723 3738 nobis
747 3677 971 3752 Evangelium,
1003 3675 1087 3749 quod
1118 3681 1168 3734 cst
1197 3682 1360 3754 aeternum
1391 3679 1422 3730 et

186 3783 380 3844 immutabile
411 3784 571 3844 decretum
602 3782 731 3842 divinae
757 3780 945 3848 voluntatis,
977 3785 1063 3836 cerlo
1084 3777 1359 3852 .-comprehensum
1390 3774 1420 3832 in

186 3887 315 3963 scriptis
339 3887 539 3962 Propheticis
565 3894 595 3943 et
620 3884 826 3960 Apostolicis.
1006 3960 1009 3970 Ι

271 3993 316 4052 Ab
341 3993 400 4050 bac
423 3992 533 4068 regula
557 3996 643 4050 uetat
667 3989 851 4056 discedere,
884 3984 1009 4047 etiamsi
1034 3984 1235 4060 superiores,
1270 3988 1323 4042 aut
1354 3980 1420 4052 plu-

186 4097 258 4155 rimi
283 4112 352 4156 eam
376 4096 539 4172 negligant
571 4102 602 4152 et
626 4091 785 4154 abiiciant.
838 4091 882 4150 Et
907 4087 983 4164 quia
1013 4087 1085 4164 ipsc
1118 4085 1271 4172 immensa
1299 4080 1420 4146 miseri-

187 4197 296 4259 cordia
319 4197 460 4273 colligit,
492 4205 523 4256 et
547 4196 683 4255 subinde
713 4196 867 4254 instaurat
891 4191 1080 4258 Ecclesiam,
1113 4190 1232 4250 excitat
1263 4188 1418 4252 doctores,

201 4386 203 4391 '
272 4373 300 4434 1)
328 4373 474 4420 maximam
495 4367 568 4434 esse]
589 4367 738 4417 Sericum:
760 4380 821 4414 esse
842 4363 987 4412 maximam
1095 4432 1097 4438 Ι

273 4460 302 4525 2)
330 4475 425 4508 nervus
446 4463 526 4520 atque
546 4463 621 4504 artus
642 4453 715 4518 esse]
737 4451 884 4502 Secltenrl.:
909 4463 1004 4498 rtervea
1026 4463 1086 4496 esse
1107 4451 1187 4507 atque
1208 4450 1283 4493 artus

272 4546 300 4610 3)
325 4542 480 4608 obvertunt]
500 4539 647 4590 Seclreud.:
671 4539 845 4588 obverterunl

272 4634 302 4696 d)
327 4629 364 4694 et]
387 4630 456 4694 apud
478 4625 611 4675 Secluend.
632 4625 719 4674 deest.
