3072 5208
235 321 300 394 tto
627 341 873 398 surrccuerrrn
899 345 980 397 num
1003 313 1075 402 roco.

237 498 358 574 ptivum
396 493 428 556 in
453 497 517 560 suls
542 499 688 560 sordibus
717 509 822 576 stare,
863 501 940 562 totis
963 499 1147 576 septimanis
1171 503 1252 560 octo.
1297 496 1391 558 Primo
1411 493 1455 556 die

239 599 330 662 datus
353 608 402 661 cst
423 597 473 663 illi
497 601 527 662 in
551 619 707 664 carcerem
731 606 824 680 panis
848 605 985 665 rusticus
1008 612 1041 666 et
1063 603 1290 679 aliquantulum
1306 614 1409 674 aqrrae,
1430 604 1455 655 et

239 701 352 762 diebus
376 710 502 780 septem
534 723 626 766 nemo
666 708 705 768 ad
729 724 799 768 eum
829 709 935 780 rediit,
967 714 1080 785 postca
1102 713 1208 767 lamen
1231 702 1337 780 coepit
1358 699 1456 762 haberi

240 805 400 884 aliquanto
428 805 554 870 lautius.
600 809 724 871 Interea
754 811 807 870 Dn.
831 830 850 872 a
872 813 1024 882 Fulslein,
1048 831 1065 872 a
1089 807 1305 871 blaximiliano
1329 808 1459 882 impetra·
1513 873 1514 896 χ

242 909 290 972 vit
312 912 430 984 literas,
466 913 581 991 quibus
604 913 765 974 mandavit
787 912 959 990 Episcopo,
993 921 1027 974 nt
1065 913 1259 974 Ioachimum
1290 907 1461 970 dimitteret

243 1013 420 1090 Episcopus
444 1017 516 1077 illas
540 1015 650 1075 literas
673 1016 710 1074 ad
735 1018 956 1091 Imperatorem
981 1018 1077 1086 mislt,
1112 1016 1165 1090 qui
1189 1013 1345 1074 mandavit
1367 1027 1405 1071 ne
1426 1008 1463 1068 di-

244 1116 433 1190 mitteretur,
460 1117 517 1178 scd
542 1133 577 1176 se
602 1118 689 1178 illurn
713 1118 936 1180 accersiturum
961 1120 1098 1196 scripsit.
1144 1117 1281 1178 Tandem
1304 1112 1399 1174 vicini
1420 1130 1466 1172 no·

244 1219 328 1278 biles
351 1227 522 1298 coegerunt
546 1220 669 1297 equites
693 1223 765 1291 500,
790 1227 821 1282 ct
845 1223 979 1297 proiecti
1003 1223 1042 1281 ad
1064 1237 1167 1282 arcem
1191 1217 1314 1278 mentiti
1337 1222 1414 1284 sunt,
1437 1229 1466 1272 se
1514 1287 1515 1290 Ἴ

246 1337 319 1381 esse
342 1321 458 1383 missos
482 1325 520 1384 ab
545 1323 749 1399 Imperatore,
771 1331 805 1383 ut
830 1324 1021 1386 Ioaohimum
1045 1323 1077 1384 in
1102 1326 1203 1386 aulam
1227 1323 1384 1382 ducerent.
1408 1319 1467 1376 Cre-

246 1423 326 1484 didit
348 1423 408 1484 hoc
430 1421 609 1502 Episcopus
634 1433 665 1486 ct
690 1425 882 1490 Ioachimuru
906 1427 1038 1498 dimisit,
1063 1429 1117 1503 qui
1141 1431 1255 1500 postea
1279 1428 1311 1482 ct
1334 1423 1371 1482 ab
1395 1419 1468 1495 equi·

248 1525 331 1584 tibus
354 1523 504 1586 dimissus
528 1528 567 1587 ad
589 1545 646 1587 nos
671 1527 767 1597 venit,
804 1537 835 1589 et
859 1546 898 1590 ea
922 1547 1002 1605 qrrae
1027 1527 1142 1603 scripsi
1166 1527 1214 1586 sic
1239 1525 1381 1586 narravit.
1422 1521 1467 1581 Est
1515 1565 1516 1604 ,

248 1633 282 1686 el
303 1627 454 1689 Dominus
478 1646 497 1690 a
517 1629 657 1691 Fulstein
683 1636 814 1692 vocatus
838 1630 870 1692 in
894 1635 998 1693 aulam
1021 1633 1060 1692 ab
1084 1632 1288 1705 Imperatore,
1311 1626 1349 1686 ad
1375 1623 1466 1684 dicen-

248 1729 319 1806 dam
342 1748 477 1806 causam,
512 1733 651 1810 quidde
675 1735 791 1794 eofiet
827 1736 980 1798 Incertum
1005 1743 1062 1798 est.
1110 1737 1141 1795 In
1165 1732 1261 1794 tantis
1284 1746 1354 1790 cum
1375 1740 1467 1785 verse·

249 1848 316 1894 mur
338 1831 505 1908 periculis:
535 1842 638 1898 tamen
662 1836 803 1897 nonnulli
827 1857 887 1900 non
910 1838 1058 1900 desinunt
1082 1837 1194 1913 partim
1217 1835 1345 1906 otiosis,
1369 1827 1465 1907 parlim

250 1941 361 2010 aperte
384 1937 473 1998 falsis
496 1935 766 2014 disputationibus
789 1946 822 2002 et
844 1942 1046 2017 opinionibus
1081 1941 1235 2003 infestare
1266 1943 1402 2000 nostram
1423 1933 1468 1992 ilc·
1516 1967 1517 2002 ᾗ

252 2037 393 2102 alesiam.
438 2040 683 2116 Reprehendunt
706 2044 875 2106 doctrinam
899 2047 1010 2108 harum
1031 2045 1255 2113 aceresia-um,
1287 2041 1343 2116 qui
1366 2037 1471 2099 contes-

251 2141 336 2204 sioni
358 2144 562 2222 augustanae
584 2145 766 2218 adbaerent,
790 2136 1017 2223 multipliciter.
1043 2146 1245 2208 ceremonias
1271 2146 1394 2204 nostras
1415 2152 1470 2211 pro·

254 2246 556 2319 ptereaorcisurum,
581 2249 783 2310 etcandelam
808 2266 889 2325 quae
911 2251 1077 2313 adhibetur
1100 2250 1139 2312 ad
1160 2252 1358 2310 sacramenta
1379 2246 1473 2316 aperte

255 2356 368 2412 vocant
390 2352 589 2428 blasphemas
613 2360 646 2414 et
669 2354 893 2414 idololatricas.
938 2352 1003 2431 Ego
1028 2370 1104 2416 sane
1141 2353 1228 2412 nullo
1251 2364 1389 2424 unquam
1410 2351 1474 2404 tem·
1517 2361 1518 2410 l

254 2470 333 2527 pore
369 2454 464 2516 nullis
487 2454 615 2526 iniuriis
637 2473 687 2516 me
711 2459 811 2534 patiar
833 2457 1042 2525 commoverI,
1080 2461 1115 2517 nt
1136 2474 1206 2516 cum
1230 2455 1338 2528 aliquo
1364 2445 1474 2526 publice

257 2557 452 2628 contendam,
476 2559 533 2619 sed
555 2560 681 2620 tandem
705 2560 733 2621 si
756 2561 933 2623 necessitas
947 2562 1088 2636 requiret
1113 2561 1229 2636 parebo
1255 2564 1309 2616 tuo
1333 2547 1472 2614 honestis·

259 2657 340 2720 simo
366 2667 397 2720 el
420 2659 603 2730 necessario
626 2661 774 2733 consilio,
798 2670 830 2722 et
853 2665 969 2726 iubebo
993 2665 1080 2726 istos'
1096 2669 1220 2724 nostros
1232 2659 1476 2720 condemnatores

262 2780 375 2824 causas
398 2778 474 2822 suae
497 2764 760 2842 reprehensionis
784 2765 945 2841 deponere
974 2767 1014 2826 ad
1037 2773 1191 2832 senatum,
1223 2769 1257 2821 nt
1292 2757 1409 2820 iudicio
1436 2768 1476 2810 pe.
1518 2741 1519 2786 i

262 2872 346 2926 strae
369 2865 560 2926 Academiae
595 2866 820 2928 submittantur.
865 2870 1022 2944 Cuperem
1046 2875 1079 2930 et
1102 2885 1162 2944 ego
1187 2865 1396 2928 elevationem
1418 2857 1475 2917 abo-

261 2967 331 3038 leri,
362 2973 394 3028 et
416 2971 582 3035 nonnullas
606 2969 812 3042 ceremonias,
848 2974 992 3048 quamvis
1027 2989 1085 3049 per
1107 2987 1142 3032 se
1179 2965 1410 3032 idololatricae
1430 2974 1475 3018 riou

263 3069 336 3142 sint,
361 3073 531 3134 emendari.
563 3073 627 3134 Sed
650 3092 730 3134 nunc
753 3090 814 3134 non
839 3082 888 3134 est
911 3077 1000 3136 Iocus
1023 3074 1203 3151 disputandi
1225 3072 1266 3132 de
1290 3059 1476 3128 ceremoniis:

263 3172 320 3232 sed
347 3173 419 3250 ipsa
442 3175 618 3236 necessitas
642 3177 787 3252 requirit,
821 3184 856 3236 ut
890 3177 938 3238 his
962 3178 1102 3248 omissis,
1137 3179 1169 3238 in
1193 3183 1241 3236 tol
1264 3168 1476 3234 calamitatibus

264 3279 402 3356 publicis
426 3286 457 3338 et
482 3278 616 3356 privatis
640 3277 702 3351 piis
726 3283 757 3337 et
779 3278 961 3342 ardentibus
983 3280 1129 3356 precibus
1159 3279 1220 3340 Dei
1243 3275 1395 3338 auxilinm
1417 3265 1477 3328 assi-

264 3382 325 3442 due
350 3388 383 3442 et
405 3387 473 3442 toto
498 3388 629 3458 pectore
653 3381 868 3456 Imploremus.
912 3365 1020 3459 Itaque
1059 3383 1154 3444 miror
1187 3378 1379 3457 quorundam
1412 3373 1475 3432 insa-

264 3487 358 3556 niam,
382 3486 435 3562 qni
459 3486 491 3545 in
515 3487 576 3547 hoc
599 3485 725 3558 publico
750 3486 843 3554 luctu,
867 3484 952 3546 rixas
977 3485 1071 3546 eliam
1095 3487 1135 3546 de
1159 3482 1336 3544 levissimis
1360 3489 1476 3538 cereno·

265 3587 329 3648 niis
353 3595 492 3659 movent,
517 3591 549 3647 et
571 3592 690 3650 tantum
717 3586 1018 3664 reprehensionibus
1041 3591 1151 3650 volunt
1170 3587 1274 3649 videri
1297 3582 1406 3644 sancti.
1433 3578 1477 3636 Ora

266 3695 370 3751 autem
392 3689 493 3752 lilium
515 3691 587 3762 Dei,
620 3689 786 3752 Domiuum
809 3698 949 3754 nostrum
972 3694 1073 3754 Iesum
1099 3693 1267 3758 Christum,
1291 3687 1476 3748 conditorem,

267 3793 497 3876 redemptorem
521 3800 552 3855 et
575 3801 828 3856 conservatorem
857 3796 1033 3866 Ecclesiae,
1067 3801 1101 3856 ul
1134 3791 1235 3856 nostri
1271 3797 1401 3868 propter
1421 3793 1476 3844 sese

267 3898 454 3970 misereatur
489 3905 520 3959 et
553 3916 611 3958 nos
647 3904 736 3974 regat
761 3905 793 3958 et
816 3905 930 3959 servet.
976 3899 1112 3960 Salutem
1137 3897 1279 3958 adscribo
1301 3895 1339 3954 D.
1363 3893 1476 3962 casparo

269 4006 301 4060 cl
321 4000 357 4059 D.
380 4002 474 4062 Paulo
499 4001 612 4082 Ebero,
634 4001 710 4062 viris
734 4017 853 4062 summa
876 4001 955 4065 mihi
979 3999 1183 4062 observantia
1203 3995 1358 4059 colendis.
1379 3987 1474 4050 Vratis·

269 4106 328 4166 lar.
353 4107 402 4166 26.
424 4104 527 4166 Martii
550 4106 610 4166 An.
633 4106 723 4166 1560.

272 4540 342 4602 lar.
376 4543 431 4598 m.
448 4537 557 4600 cosor.
592 4537 737 4622 (varx.
760 4540 909 4618 prosu.)

378 4625 550 4654 Μ
