3084 5208
263 309 327 382 tec
666 329 912 383 surreuurura
931 331 1012 384 nuni
1035 335 1109 387 rana.

262 486 344 548 haee
373 486 601 562 Episcoporrlm
627 485 960 564 ‘corruptissimorum
999 487 1026 550 si
1058 505 1171 552 eorum
1204 490 1324 552 iudicio
1355 491 1483 554 standum

262 589 321 658 sit,
345 605 478 662 quorum
499 605 613 650 caussa
636 590 748 666 agitur.
796 588 911 650 Horum
934 588 1097 652 hominum
1117 589 1301 662 audaciam,
1336 592 1481 668 impuden-

261 691 353 762 tiam,
377 690 580 766 iniquitatem
602 692 747 752 Liciniae
770 693 861 769 leges
886 681 1132 766 antiquissimae
1152 701 1186 756 et
1208 695 1424 757 sanctissimae
1444 711 1482 754 re-

259 793 401 854 tundunt.
452 793 575 856 licinia
605 801 653 855 est
684 796 736 856 lex
772 801 867 870 alque
897 794 998 856 altera
1028 795 1159 868 Ebutie,
1194 813 1276 872 quae
1306 817 1368 858 non
1403 797 1482 858 modo

261 912 350 966 cum,
382 897 437 972 qui
467 897 591 966 tulerit,
628 897 669 956 de
699 895 808 972 aliqua
838 897 1001 958 curatione
1031 915 1068 960 ec
1098 905 1277 975 potestate,
1315 900 1374 960 sed
1401 897 1482 961 etiam

259 999 402 1076 collegas
425 997 513 1069 eius,
538 1007 707 1077 cognatos,
732 1000 845 1062 altinas
871 998 1017 1076 excepit,
1040 1017 1082 1062 nc
1106 1003 1162 1062 eis·
1178 1019 1216 1064 ea
1240 1009 1384 1079 potestas
1409 1021 1482 1064 cura·

261 1101 348 1163 ticve
372 1103 545 1164 mandetur.
571 1103 691 1164 etenim
713 1103 742 1164 si
765 1105 886 1180 populo
908 1104 1061 1175 consulis,
1086 1119 1213 1166 remove
1231 1112 1262 1165 te
1277 1123 1297 1167 a
1311 1106 1481 1181 suspicione

259 1203 307 1266 tui
330 1205 503 1275 commodi,
533 1205 584 1266 iac
605 1204 716 1275 fidem,
747 1211 779 1264 te
803 1205 902 1276 nihil,
932 1207 996 1266 nisi
1029 1207 1139 1284 populi
1170 1206 1344 1270 utilitatem
1374 1215 1405 1268 et
1431 1208 1481 1267 lru·

260 1315 343 1368 ctum
375 1323 538 1383 quaerere.
590 1307 658 1370 Hae
687 1308 795 1385 leges,
829 1324 913 1383 quae
942 1307 1188 1384 antiquissimae
1218 1317 1250 1372 et
1282 1309 1482 1386 aequissimae
1531 1375 1532 1386 χ

260 1418 350 1481 sunt,
374 1412 553 1488 petendae,
578 1417 609 1472 el
633 1427 754 1473 sumina
777 1412 982 1473 contentione
1006 1430 1026 1474 a
1048 1413 1186 1474 Caesare
1213 1419 1243 1474 et
1257 1413 1482 1492 liegibusl'rin-

260 1514 450 1592 cipibusque
475 1511 678 1594 civitatum¹)
706 1521 741 1575 ut
764 1513 892 1576 miseris
914 1513 1211 1593 perditissimisque
1241 1517 1436 1594 temporibus
1456 1515 1480 1576 in
1531 1569 1532 1576 .

257 1625 346 1679 lanta
374 1617 579 1694 corruptione
600 1617 835 1694 Episcoporum
862 1615 1067 1680 firmissimae
1096 1621 1279 1682 habeantur.
1340 1621 1483 1682 Sexcenla

258 1729 346 1794 sunt,
371 1723 485 1797 quibus
510 1728 639 1782 cavetur
662 1727 695 1780 et
719 1719 914 1792 ostenditur,
943 1721 1103 1783 neminem
1132 1721 1165 1783 in
1197 1740 1231 1784 re
1261 1741 1321 1786 sua
1344 1722 1482 1790 iudicare,

258 1842 396 1902 aequum
419 1841 501 1886 esse.
553 1822 676 1894 Qna'iu
700 1839 735 1883 re
758 1821 879 1884 imitari
908 1820 956 1907 (ut
985 1823 1068 1886 alias
1097 1827 1139 1887 ad·
1168 1845 1224 1890 vos
1255 1833 1306 1888 est
1329 1821 1481 1906 scriptum)

258 1929 411 1990 debemus
434 1925 605 1990 Cassianos
636 1924 784 1997 iudices,
811 1935 1021 2004 quaerentes,
1054 1929 1108 1989 cui
1135 1932 1220 1990 bono
1248 1929 1300 1990 sit.
1358 1933 1403 1990 An
1431 1944 1480 1988 uon
1531 1971 1532 2004 ,

259 2031 414 2100 uidemus,
438 2047 531 2106 quam
554 2029 707 2108 grandem
731 2027 773 2090 iis
793 2027 1050 2090 institutionibus
1070 2032 1248 2105 pecuniam,
1273 2050 1356 2107 quos
1370 2047 1480 2098 cerasus.

258 2151 353 2210 quem
376 2139 556 2208 quaestum,
580 2148 661 2208 qnae
686 2147 794 2209 regne,-
817 2132 856 2192 od
872 2131 1052 2203 saevitiam,
1075 2114 1480 2206 immanitatem‚·luxuricin
1531 2175 1532 2210 3

257 2236 337 2308 sibi,
360 2236 599 2305 meretricibus,
623 2233 825 2305 concubinis,
849 2233 1052 2313 propinquis,
1076 2237 1282 2314 posterisque
1309 2254 1418 2300 earum
1439 2233 1480 2298 his
1531 2279 1532 2306 2

153 2343 156 2356 ’
257 2337 482 2402 Sanctionibus
526 2337 722 2413 licentiaque
766 2336 980 2400 Consiliorum
1024 2337 1260 2416 compararint?
1319 2338 1480 2403 Luslrenda

258 2455 332 2524 e'rgo
357 2444 462 2505 omnia
485 2438 590 2502 animo
614 2447 703 2510 sunl,
728 2439 846 2516 quibus
867 2441 1049 2502 Concilium¹
1068 2449 1220 2514 sanctum,
1244 2444 1390 2514 solenne,
1413 2440 1480 2504 inte·
1531 2497 1532 2506 ,

256 2565 359 2627 grum,
391 2548 607 2619 incorruptum
631 2559 704 2604 esse
728 2540 856 2620 possit.
893 2544 991 2606 Nemo
1014 2561 1116 2622 prope
1139 2546 1279 2616 dubitat,
1309 2546 1481 2608 Pontificem

258 2653 428 2712 Romanum
457 2655 488 2708 et
518 2645 589 2707 eins
618 2645 778 2715 asseclas,
812 2651 909 2720 alque
939 2645 1123 2724 Episcopos
1152 2663 1192 2708 eo
1222 2646 1341 2725 spiritu
1370 2647 1479 2714 adduci,
1531 2693 1532 2718 ,

255 2761 350 2830 alque
379 2751 448 2830 agi,
483 2757 517 2810 ut
546 2765 605 2825 per
631 2754 809 2809 eorummet
838 2751 1014 2812 sententies
1046 2752 1212 2812 firmentur·
1242 2767 1355 2814 eorum
1385 2767 1480 2827 regnu,
1531 2793 1532 2830 3

256 2873 388 2926 census,
412 2859 443 2914 el
467 2859 681 2929 quaestuosae
706 2849 904 2914 traditiones.
945 2853 1029 2913 Nibil
1054 2861 1104 2914 est
1127 2852 1243 2931 igitur,
1267 2855 1355 2930 quod
1377 2854 1479 2919 dicant,
1531 2913 1532 2916 ,

256 2959 289 3020 in
305 2958 428 3036 Spiritu
441 2957 558 3018 Sancto
579 2957 755 3017 conuenire
772 2971 824 3026 se,
848 2961 945 3030 utque
966 2953 1155 3034 congregari
1171 2958 1203 3018 in
1217 2958 1350 3020 nomine
1365 2951 1479 3021 Christi,
1531 3003 1532 3020 ,

256 3061 311 3138 qtii
334 3063 414 3124 nihil
437 3059 541 3120 minus
566 3059 678 3129 iussit,
710 3076 804 3134 quam
835 3056 960 3118 divitiis
993 3056 1135 3128 inhiare,
1167 3067 1198 3120 et
1220 3078 1276 3136 pro
1300 3061 1413 3136 primis
1434 3059 1479 3118 Ca
1531 3105 1532 3113 ,

254 3165 394 3236 thedris,
427 3177 548 3241 proque
571 3160 664 3222 bisce
686 3164 779 3222 rebus
804 3180 879 3222 suos
904 3159 995 3238 cogi,
1020 3179 1099 3238 quos
1123 3179 1164 3222 nc
1187 3162 1342 3235 vestitus,
1364 3179 1405 3224 ne
1425 3155 1480 3220 cibi

253 3268 382 3344 quidem
405 3267 507 3327 voluit
537 3263 756 3327 sollicitudine
788 3265 905 3325 teneri:
944 3264 1077 3340 quibus,
1109 3284 1178 3326 cum
1207 3282 1317 3328 eorum
1348 3268 1410 3330 duo
1436 3266 1480 3324 aut

255 3379 319 3433 tres
336 3368 585 3438 commissam,
618 3384 654 3430 se
678 3368 777 3429 adore
800 3367 934 3444 recepit.
988 3368 1071 3440 Quid
1092 3359 1173 3428 inihi
1197 3375 1230 3428 et
1250 3370 1399 3432 iratribus
1422 3363 1479 3443 qui·

254 3475 403 3546 busdam,
440 3473 513 3534 dum
544 3471 577 3532 in
611 3485 681 3532 eam
717 3470 949 3548 cogitationem
983 3470 1256 3542 incubuissernus,
1293 3473 1323 3534 io
1354 3463 1479 3534 mentem

254 3576 394 3647 venerit,
419 3575 491 3635 volo
516 3589 762 3634 commemorare
786 3571 835 3642 id,
866 3579 897 3634 et
921 3573 949 3632 si
973 3591 1033 3634 non
1059 3575 1154 3652 longe
1175 3576 1268 3635 abest
1290 3575 1329 3636 eb
1354 3591 1395 3636 eo
1417 3588 1478 3630 con

254 3677 330 3741 silio
360 3678 445 3755 quod
475 3676 696 3754 superioribus
727 3674 818 3736 cuuis
849 3677 888 3737 ed
920 3695 977 3736 vos
1011 3675 1144 3752 scripsi:
1182 3693 1221 3737 en
1246 3682 1358 3738 lemen
1389 3669 1479 3750 magis

253 3783 377 3860 placet,
407 3781 492 3856 quod
520 3779 686 3858 dignitatis
716 3777 981 3854 auctoritatisque
1003 3777 1237 3857 Episcoporum
1267 3795 1417 3842 summam
1440 3791 1478 3836 rc·

251 3885 373 3948 lienem
396 3884 516 3946 hebere
541 3884 694 3944 videatur.
725 3889 790 3942 lum
814 3884 897 3958 quod
919 3883 1090 3961 Episcopi,
1121 3886 1150 3944 si
1176 3885 1272 3954 boni,
1304 3885 1332 3944 si
1358 3881 1405 3960 pii
1426 3875 1480 3938 viri

252 3988 387 4059 inerint,
418 3985 591 4064 diligenter
619 3987 711 4048 uobis
741 3987 868 4048 colendi
899 3993 971 4047 sunt
993 3993 1090 4062 atque
1115 3987 1324 4056 observandi,
1357 3993 1421 4047 tum
1441 3987 1479 4048 ul,

147 4118 163 4139 ·-
253 4109 361 4154 conam
391 4089 559 4169 dignitatis
597 4090 722 4151 ratione
762 4089 887 4159 habita,
925 4089 1080 4166 quidquid
1109 4089 1274 4166 Principes
1303 4089 1479 4167 petiverint,

253 4193 381 4257 facilius
404 4199 632 4268 assequantur,
655 4199 720 4252 tum
744 4197 778 4252 ul
802 4192 883 4252 inter
906 4211 964 4253 nos
981 4200 1079 4270 atqua
1101 4193 1175 4254 illos
1195 4193 1355 4254 minimum
1372 4191 1478 4252 irarum

254 4300 459 4374 relinquatur.
512 4296 545 4355 ld
568 4296 632 4355 tale
656 4302 715 4355 est.
760 4293 794 4354 Si
818 4295 907 4356 iussu
931 4296 1093 4366 Caesaris,
1125 4297 1262 4374 Regum,
1295 4295 1478 4372 Principum·

254 4419 316 4478 que
340 4400 522 4472 civitatum,
547 4397 578 4458 in
602 4398 781 4470 Britannia,
806 4397 936 4470 Galliis,
961 4397 1147 4468 Germania,
1179 4396 1287 4468 ltalia,
1312 4395 1477 4475 Hispaniis,

340 4538 369 4606 l)
393 4538 467 4588 idem
485 4537 576 4590 editor
593 4537 733 4589 halaleca
753 4537 895 4593 adnotavit
913 4537 1030 4590 Meroe:
1062 4535 1178 4588 llidetur
1197 4535 1241 4586 bic
1259 4534 1406 4587 inserenda
1424 4545 1478 4582 csse

253 4641 318 4680 vox:
338 4627 497 4690 orandum,
522 4623 564 4676 vel
584 4624 638 4676 alia
658 4623 763 4675 similis.
