3084 5208
227 307 291 382 tel
621 321 868 376 sunrneunura
893 323 976 374 nuru
997 323 1070 378 isac.

228 479 437 560 partivimus,
456 497 528 542 cum
543 478 575 540 in
587 478 762 540 Academia
778 484 887 542 nostra
902 486 1048 542 versutus
1063 479 1106 542 sit
1119 480 1258 559 amplius
1273 481 1416 542 octennio
1424 477 1455 564 ¹),

228 583 442 662 comperimus
466 599 539 644 eum
562 581 736 660 singularis
760 581 953 644 dexteritate
986 581 1114 660 ‘ingenii
1138 590 1169 644 et
1191 584 1285 646 bonis
1307 601 1345 646 ac
1367 587 1455 646 bone

228 687 288 750 stis
309 685 453 750 moribus
477 683 654 763 praeditum
679 700 762 746 esse.
814 684 862 746 Ad
885 686 943 748 has
966 684 1068 747 animi
1091 687 1184 750 dotes
1214 685 1363 748 adiunxit
1383 686 1456 764 opti-

227 809 349 856 rnarum
376 787 492 852 artium
520 787 677 858 studium,
714 803 850 863 cumque
878 804 916 850 se
946 787 979 850 in
1009 787 1120 866 lingua
1156 789 1257 852 latina
1292 790 1458 869 diligenter
1529 777 1530 806 ³

229 893 427 965 exercuerit,
449 909 552 981 genius
576 890 705 954 dicendi
727 890 894 968 probabile
917 899 1108 954 consecutus
1131 902 1190 956 est.
1230 896 1276 955 Ac
1298 911 1340 956 nc
1362 911 1458 956 rerum
1529 935 1530 940 κ

228 996 406 1060 doctrinam
438 1003 550 1060 natura
581 997 763 1074 copulatam
797 1014 816 1056 a
848 994 993 1057 dicendi·
1018 996 1253 1058 exercitatione
1285 998 1459 1067 divelleret,

229 1099 459 1178 philosophiae
483 1115 613 1178 operam
642 1097 732 1160 dedit
763 1105 796 1159 et
819 1116 889 1159 cum
919 1098 1112 1161 dialecticen
1141 1099 1317 1179 diligenter
1345 1099 1459 1170 didicit,

228 1212 296 1266 tum
320 1219 396 1264 vero
419 1201 514 1264 initia
536 1201 703 1264 doctrinae
729 1199 884 1278 physices
916 1208 948 1263 et
979 1201 1068 1264 illius
1094 1201 1335 1281 pulcherrimae
1357 1204 1460 1282 partis,

231 1318 315 1383 quae
336 1304 477 1367 ostendit
500 1305 657 1367 rationem
680 1311 823 1366 motuum
847 1303 1055 1376 coelestium,
1078 1305 1204 1384 attigit.
1257 1307 1296 1368 Et
1319 1306 1460 1384 quoniam

231 1412 333 1474 bonae
354 1407 455 1472 menti
477 1407 653 1486 praecipua
677 1424 751 1470 esse
776 1425 851 1469 cura
872 1408 986 1479 debet,
1009 1417 1045 1469 ut
1065 1415 1152 1470 recte
1168 1417 1323 1488 agnoscat
1341 1418 1373 1471 et
1387 1413 1462 1472 colat
1530 1491 1531 1498 ἵ

231 1513 344 1582 deum,
371 1527 485 1589 inagna
506 1511 630 1590 pietate
652 1510 769 1573 didicit
791 1510 1001 1574 christianam
1031 1511 1223 1583 doctrinam,
1257 1514 1298 1573 de
1321 1532 1385 1590 qun
1406 1533 1461 1576 nm-

230 1615 382 1693 plectitur
405 1614 568 1676 ecclesiae
591 1615 773 1680 catholicae
797 1613 917 1678 Christi
945 1631 1154 1687 consensum,
1187 1633 1281 1692 quem
1315 1625 1348 1678 et
1370 1620 1462 1678 eccle-

231 1717 281 1782 sia
305 1725 413 1781 nostra
436 1719 620 1796 profitetur,
643 1725 677 1779 et
699 1720 850 1780 abhorret
870 1722 910 1780 ab
931 1718 1078 1780 omnibus
1096 1718 1246 1782 fanaticis
1261 1719 1463 1798 opinionibus

231 1819 388 1884 damnatis
413 1820 535 1884 iudicio
558 1820 736 1883 catholicae
760 1820 922 1884 ecclesiae
947 1819 1076 1883 Christi.

239 1935 241 1940 '
317 1925 429 2000 ltaque
459 1924 536 1986 huic
564 1923 688 1986 Simoni
717 1933 848 2002 propter
878 1924 985 2003 ipsius
1016 1924 1166 1987 virtutem
1196 1933 1229 1986 ct
1258 1925 1464 1988 eruditionem

234 2029 383 2088 decretus
407 2034 458 2088 est
481 2026 513 2089 in
535 2028 710 2090 Academia
733 2036 841 2090 nostra
864 2029 981 2106 gradus
1004 2027 1185 2106 magisterii
1201 2027 1234 2088 in
1250 2027 1464 2106 philosophia,

234 2131 333 2208 idque
355 2131 408 2193 his
432 2130 570 2208 publicis
593 2131 712 2194 litteris
734 2140 886 2194 testatum
911 2134 1066 2194 volumus.
1101 2133 1178 2193 Cum
1199 2139 1308 2194 nutem
1322 2131 1465 2210 expediat

233 2234 434 2312 reipublicae
459 2238 539 2296 bona
563 2234 695 2313 ingenia
718 2245 750 2297 et
773 2236 934 2298 instruere
957 2235 1161 2307 eruditione,
1198 2233 1283 2296 tueri
1308 2241 1341 2295 ct
1363 2250 1464 2312 prone·

234 2341 329 2410 here,
353 2339 609 2400 commendamus
630 2341 715 2402 hunc
732 2340 900 2404 ,Simonem
923 2339 1069 2401 omnibus
1092 2338 1186 2401 bonis
1205 2337 1299 2409 viris,
1325 2337 1381 2414 qui
1403 2336 1464 2413 qui-

234 2443 323 2512 dem,
345 2441 401 2504 ubi
424 2423 612 2504 industriam
635 2443 708 2504 eius
738 2443 981 2522 perspexerint,
1017 2444 1101 2504 haud
1128 2441 1228 2502 dubie
1259 2448 1403 2503 nostrum
1429 2440 1463 2499 de

234 2561 276 2606 eo
305 2543 461 2606 iudicium
489 2547 746 2622 comprobabunt.
798 2545 867 2607 Etsi
894 2551 1004 2608 *autem
1033 2544 1261 2622 intelligimus,
1290 2539 1463 2606 illustrissi-

233 2665 319 2712 mum
342 2647 520 2727 principem
549 2665 587 2710 ac
613 2647 784 2710 Dominum
814 2648 987 2711 Hernicum
1016 2650 1137 2711 Ducem
1165 2646 1464 2726 uagatum-gorson,
1531 2641 1532 2648 ’

236 2749 292 2826 qui
315 2767 373 2810 suo
397 2747 539 2821 iudicio,
568 2757 603 2811 ut
628 2757 678 2811 est
700 2750 903 2828 ingeniorum
931 2768 1046 2814 censor
1068 2748 1357 2829 prudentissimus,
1391 2751 1466 2809 hunc

189 2831 193 2842 ⁸
236 2853 399 2915 Simonem
431 2852 464 2912 in
493 2854 598 2914 aulam
630 2854 821 2926 accersivit,
859 2854 1019 2934 singulari
1054 2871 1124 2915 cum
1155 2852 1359 2932 benignitate
1393 2869 1465 2912 coru-
1531 2881 1532 2938 p

236 2957 368 3032 plexum
390 2971 481 3028 esse,
508 2965 615 3018 tannen
639 2975 805 3035 rogamus,
834 2965 925 3023 utet
949 2965 1082 3037 propter
1111 2965 1252 3020 nostrum
1275 2954 1466 3018 commenda·
1531 2947 1532 3016 l

236 3057 357 3120 tionem
386 3058 511 3136 aliquid
542 3059 642 3120 studii
671 3061 712 3122 ad
742 3061 999 3123 benevolentiam
1027 3081 1129 3124 suam.
1147 3077 1223 3138 erga
1251 3061 1345 3120 hunc
1359 3059 1467 3120 addere

237 3160 333 3232 velit,
357 3161 548 3242 praesertim
572 3162 831 3240 comprincipes
856 3163 918 3224 viri
947 3163 980 3226 in
1005 3179 1045 3225 ea
1068 3181 1102 3225 re
1125 3167 1207 3225 bene
1231 3169 1413 3223 mercantur
1433 3157 1467 3218 de
1531 3185 1532 3238 l

236 3269 304 3324 tota
327 3264 506 3341 republica,
529 3281 600 3326 curn
621 3269 722 3327 bonos
746 3273 779 3328 et
801 3264 977 3330 industrios
1001 3265 1086 3328 viros
1109 3266 1149 3326 ad
1173 3262 1304 3342 negotia
1323 3261 1467 3324 adhibent
1531 3261 1532 3314 l

238 3373 270 3428 et
299 3365 472 3430 autoritate
502 3375 622 3430 ornent.
676 3370 778 3434 Datne
801 3367 1018 3446 Wittebergee
1049 3367 1111 3431 Die
1136 3365 1322 3432 Novembris
1352 3363 1467 3428 decima

237 3473 327 3532 Anno
355 3471 444 3532 leae.

753 3591 956 3604 m

239 3693 307 3758 185.
342 3695 395 3752 No.
413 3691 519 3754 lutet.
565 3697 639 3772 (Vol.
656 3696 709 3756 111.
733 3716 759 3772 p.
777 3693 863 3768 830.)
1343 3691 1389 3752 13.
1403 3694 1466 3748 Nor.

339 3777 513 3806 M
1346 3777 1460 3807 Μ

261 3855 421 3922 loannes
449 3852 666 3926 frideruna
694 3855 786 3926 Dux
813 3857 951 3926 Samon.
980 3852 1129 3923 Elector
1164 3853 1216 3927 ad
1244 3850 1447 3924 barbelon

652 3983 691 4042 et
722 3971 1063 4046 Melanchtlroncm.

306 4105 376 4156 Vide
396 4106 469 4173 apud
491 4106 690 4160 Burlrherdtnm
713 4106 732 4160 l.
748 4107 766 4158 1.
790 4123 816 4172 p.
829 4106 891 4160 336.
931 4105 988 4158 iiuc
1011 4107 1108 4172 literae
1131 4111 1259 4174 spectant
1283 4107 1319 4160 ed
1343 4105 1467 4171 scriptum

341 4191 460 4244 Luthero
493 4199 520 4243 et
550 4192 752 4248 Melanchlhoui
783 4192 972 4260 suppositum,
1004 4193 1076 4257 quod
1107 4193 1134 4246 in
1163 4190 1244 4260 Gorp.
1269 4191 1329 4247 uel.
1353 4187 1465 4243 Votttt.

341 4295 369 4345 p.
379 4279 536 4332 eeu-eat.
557 4279 712 4335 exhibetur.
747 4278 894 4342 Utriusque
914 4279 949 4330 ad
967 4277 1119 4330 Electorem
1138 4292 1300 4345 responsum
1319 4279 1405 4329 deest.

756 4399 960 4410 n—-t-—u-o--u

327 4605 353 4666 l)
377 4604 516 4673 octennio]
537 4622 552 4656 a
572 4605 710 4673 Leupoldo
730 4606 791 4672 ipso
812 4607 984 4658 emendatum
1004 4605 1046 4656 iu:
1066 4605 1209 4656 decennio.
