3072 5208
428 323 675 378 surnnnnnurn
696 325 777 375 auin
806 327 881 378 rota.
1208 308 1273 380 att
1345 324 1348 328 ·

128 482 231 556 Neque
257 480 340 540 enirn
365 480 592 556 Epicureorum
618 479 747 540 iudiciis
774 498 951 550 movemur,
982 482 1037 554 nui
1067 480 1149 540 alios
1179 484 1273 540 bono-

10 635 12 658 ,
59 603 110 644 rurn
131 585 225 655 fines,
260 584 340 644 alias
365 591 466 648 metas
490 600 594 644 rernm
618 584 866 658 expetendarum
892 593 1087 660 proponunt:
1120 583 1179 644 sed
1201 601 1273 645 con·

10 679 11 720 ³
58 688 139 746 ditum
161 702 235 746 esse
258 701 359 762 genus
384 689 553 746 humanum
576 684 710 754 scimus,
744 693 778 748 ut
802 688 834 748 in
858 703 897 746 eo
927 687 1041 746 notitia
1069 687 1131 746 Dei
1160 687 1274 754 luceat,

10 825 11 830 κ
58 797 79 848 et
98 798 127 849 nt
150 790 188 849 de
211 791 281 849 Deo
307 804 381 848 vera
405 786 590 850 testimonia
612 788 714 857 dicat„
738 787 875 862 eiusque
895 789 1129 859 ¹consuetudine
1151 787 1183 851 iu
1210 787 1274 846 vita

57 900 167 954 aeterna
189 893 315 952 truatur.
367 890 432 950 Nec
455 890 556 952 maius
580 889 778 965 praesidium
808 907 881 956 esse
912 891 944 950 in
968 893 1027 952 hac
1052 890 1117 952 vita
1139 890 1272 960 homini,

10 1001 12 1058 i
58 999 79 1054 in
98 995 180 1056 omni
202 1009 321 1070 genere
346 992 580 1070 periculorum,
601 1010 696 1067 quarn
718 995 802 1056 scire
828 1010 935 1060 veram
951 994 1186 1057 invocationem
1201 993 1273 1063 Dei,

10 1075 12 1100 ⁵
57 1106 80 1158 nt
99 1099 247 1174 scriptum
278 1104 341 1156 est:
377 1097 483 1158 Turris
514 1097 688 1158 fortissima
723 1113 836 1158 nomen
867 1097 1004 1159 Domini.
1062 1097 1164 1166 erare
1200 1113 1274 1156 vera

57 1199 203 1276 agnitione
226 1200 286 1259 Dei
310 1200 391 1260 nibil
416 1199 589 1272 optabilius
615 1206 670 1260 est.

123 1304 159 1363 Et
182 1319 363 1378 qrranquam
388 1310 522 1362 eventus
547 1301 578 1362 in
603 1303 662 1362 hac
687 1304 752 1362 vita
775 1303 856 1364 varii
876 1311 966 1372 saint,
991 1303 1179 1365 utomuium
1196 1310 1273 1366 tem-

10 1387 12 1432 ³
59 1425 148 1482 pomm
179 1406 329 1480 exempla
359 1405 530 1467 ostendant
561 1407 731 1468 veritatem
768 1425 829 1468 non
867 1408 937 1466 sine
966 1408 1089 1484 magnis
1120 1407 1275 1482 periculis

58 1509 186 1569 retineri:
218 1517 324 1568 tamen
347 1510 434 1568 Deus
467 1525 537 1568 enm
560 1527 622 1568 non
647 1527 776 1584 prorsus
808 1509 911 1570 deleri
935 1510 1020 1570 sinit.
1064 1511 1102 1570 Et
1125 1529 1183 1571 nos
1207 1512 1274 1585 qui-

10 1589 12 1688 :
57 1613 112 1672 dem
135 1629 299 1688 speramns
324 1613 425 1672 Deum
449 1611 544 1672 huius
568 1611 669 1672 olficii
700 1615 801 1674 nostri
814 1613 836 1695 ¹)
867 1629 1039 1676 memorem
1071 1616 1155 1684 lore,
1191 1615 1276 1690 quod
1312 1634 1314 1637 ·

58 1717 208 1776 strevitiom
239 1715 272 1774 in
303 1714 485 1774 socer-dotes
524 1715 596 1790 pios
627 1721 658 1774 et
688 1716 876 1778 innocentes
912 1717 1073 1777 noluimus
1110 1733 1276 1787 exercere,

58 1819 122 1878 sicut
144 1820 262 1879 dictum
288 1823 352 1876 est:
376 1819 494 1878 Beatus
518 1819 572 1892 qui
597 1819 751 1896 intelligit
774 1836 869 1894 strper
893 1836 1029 1896 egenum
1046 1827 1076 1880 et
1092 1837 1276 1896 praupercm,

59 1923 80 1980 in
100 1922 149 1982 die
172 1921 258 1983 mala
278 1921 429 1994 liberabit
454 1937 524 1981 eum
548 1921 714 1984 Dominus

126 2043 188 2102 Nec
212 2059 321 2102 sumus
344 2041 424 2100 adeo
447 2041 524 2110 feri,
548 2048 602 2101 ant
629 2043 724 2102 rudes
748 2044 835 2102 vitae
857 2045 1049 2112 communis,
1079 2050 1114 2102 ut
1137 2045 1274 2105 terribili
1336 2037 1338 2044 ’

58 2145 177 2204 clamore
200 2144 241 2204 de
265 2142 425 2203 ordinaria
447 2150 609 2216 potestate
631 2163 762 2220 prorsus
784 2147 865 2206 nihil
885 2161 1083 2216 moveamur,
1107 2163 1176 2206 cum
1193 2149 1276 2207 voci-

58 2246 180 2308 ferantur
210 2247 318 2316 multi,
352 2265 413 2306 non
444 2247 545 2306 luisse
576 2249 754 2308 mutandam
785 2249 959 2309 doctrinam
989 2247 1045 2308 aut
1072 2249 1168 2317 ritus,
1207 2252 1277 2310 sine

59 2350 221 2412 ordinariae
245 2350 416 2425 potestatis
441 2350 562 2410 iudicio
588 2358 619 2410 et
642 2353 912 2428 comprobatione,
937 2353 1010 2426 qnia
1029 2360 1060 2411 et
1076 2353 1152 2410 ordo
1168 2351 1299 2412 'tlecle-⁴

10 2455 11 2488 ³
60 2451 116 2511 siae
137 2457 295 2522 turbetur,
320 2460 353 2512 et
376 2455 555 2528 exemplum
579 2457 622 2514 sit
646 2457 869 2531 periculosum.

131 2573 214 2633 llaec
243 2573 366 2648 tragice
395 2581 588 2650 exaggerata
622 2577 735 2636 multos
765 2576 918 2636 adversus
949 2594 1006 2636 nos
1038 2575 1185 2644 incitant,
1217 2589 1276 2634 nec

62 2676 126 2736 nihil
148 2683 274 2736 movent
298 2677 421 2735 animos
445 2683 581 2738 nostros.
617 2679 695 2738 Nom
719 2688 749 2738 et
774 2698 831 2738 nos
856 2679 997 2738 ordinem
1023 2686 1053 2736 et
1077 2679 1276 2754 gubernatio·

60 2777 99 2836 nis
121 2779 243 2838 vincula
268 2779 478 2854 intelligimus
503 2786 533 2837 et
557 2780 805 2856 magnifacimus
858 2781 919 2839 Sed
944 2781 1019 2840 huic
1041 2785 1149 2840 nostro
1174 2781 1278 2841 dolori

60 2883 233 2956 opponimus
252 2883 351 2942 multa
374 2867 544 2957 perspicua
568 2884 711 2944 mandata
727 2886 804 2953 Dei,
829 2884 945 2958 quibus
960 2884 1187 2944 severissimae
1206 2902 1277 2944 con·
1336 2927 1337 2930 ,

61 2983 190 3060 ciones²t
213 2983 342 3044 addnae
366 2989 446 3043 sunt.
491 2985 591 3045 llilius
614 2985 675 3046 Dei
701 2986 822 3061 inquit,
849 2985 1012 3061 Nequeirr
1037 2987 1098 3046 hac
1121 2988 1197 3056 vita,
1225 3003 1278 3046 ne-

61 3100 111 3156 que
137 3095 249 3164 postea
277 3088 395 3146 remitti
426 3089 671 3163 blasphemiam,
703 3105 784 3164 quae
815 3095 923 3149 contra
954 3088 1104 3165 Spiritum
1136 3095 1277 3150 sanctum

61 3185 166 3249 dicitur.
218 3189 283 3249 llac
309 3191 423 3249 moniti
453 3207 534 3249 voce
563 3192 710 3252 homines
738 3194 920 3266 ubicunqne
951 3199 1040 3260 sunt,
1071 3199 1277 3266 posteaquam

61 3290 211 3352 audierunt
233 3309 330 3354 veras
362 3294 555 3362 sententias,
585 3303 617 3353 et
646 3280 689 3354 re
713 3297 840 3372 cognita
870 3312 925 3354 eas
956 3293 1155 3368 intelligunt,
1188 3309 1278 3354 seve-

61 3391 169 3454 rissima
193 3398 266 3472 lege
289 3395 363 3471 cogi
386 3411 422 3456 se
445 3405 641 3471 agnoscunt,
674 3415 713 3457 ne
744 3399 872 3458 veritati
902 3397 1055 3456 divinitus
1084 3403 1277 3456 monstratae

61 3492 259 3558 adversentur.

132 3597 209 3668 Quid
234 3602 332 3676 igitur
354 3603 531 3661 luceremus
555 3603 585 3662 in
609 3601 752 3662 articulis
768 3603 891 3670 militie,
916 3616 1048 3675 qrrorum
1064 3599 1279 3677 perspicuitas

61 3714 155 3760 ornnes
183 3721 278 3764 sanos
307 3704 462 3764 adsentiri
493 3701 678 3764 convincit?
711 3710 744 3762 ut
776 3705 815 3762 de
847 3703 1075 3780 indulgentiis,
1107 3703 1146 3762 de
1178 3719 1280 3763 sacer-

61 3799 154 3863 dotum
188 3795 355 3882 coningio,
394 3805 435 3866 de
470 3807 638 3867 martilesta
674 3807 895 3882 profanatione
931 3821 1051 3866 coenae
1082 3807 1280 3876 Dorninicae,

62 3919 140 3974 quarn
163 3910 332 3970 sacrificuli
355 3909 493 3979 indocti,
519 3911 703 3986 ignorantes
727 3909 804 3984 quid
828 3917 938 3985 agant,
963 3915 995 3966 et
1021 3907 1097 3983 qnid
1118 3910 1159 3967 sit
1184 3908 1279 3968 sacri-

63 4006 171 4088 ficium,
190 4019 256 4070 toto
281 4013 357 4071 orbe
380 4019 534 4072 terrarum
558 4013 678 4072 ventris
703 4029 798 4071 causa
814 4012 846 4070 in
863 4011 1053 4070 theatricum
1066 4008 1280 4086 spectaculum

62 4111 258 4173 transferunt?
293 4115 382 4173 'Nom
405 4114 649 4174 adversaremur
672 4113 806 4190 Spiritui
832 4120 943 4172 sancto
967 4111 1134 4172 manifesto
1156 4113 1282 4172 seelera

63 4211 190 4272 taranti?
222 4225 252 4276 et
276 4217 323 4276 rei
346 4217 522 4278 horrendae
547 4217 767 4292 blasphemiae
791 4218 983 4292 lingeremus
1007 4213 1100 4274 nobis
1123 4215 1204 4273 hanc
1228 4230 1280 4274 ex-

63 4317 258 4390 cusationem,
283 4338 376 4394 quam
401 4321 540 4402 scribunt
556 4321 703 4380 Oratores
725 4319 995 4388 adversariorum,
1020 4316 1094 4392 quia
1114 4318 1185 4392 plus
1207 4317 1282 4376 mali

65 4449 203 4464 *Q
212 4461 252 4465 ...-

141 4523 164 4586 l)
187 4527 264 4578 huius
283 4526 367 4577 oflicii
387 4525 485 4594 nostri]
507 4501 656 4578 Seniculi:
677 4527 764 4579 nostri
785 4525 864 4574 huius
884 4523 966 4574 offleii

140 4610 165 4677 ²)
188 4611 343 4677 conciones]
364 4610 511 4663 Sestiana:
532 4614 757 4664 comminationes
