3072 5208
222 285 289 358 224
613 300 857 354 SUPPLEMENTA
883 303 965 356 ANNI
988 308 1063 360 1545.

223 461 407 536 sepulturae
432 460 519 518 dedit
542 456 632 520 iuxta
656 477 745 520 suum
768 458 1011 520 monimentum:
1037 461 1177 524 imitatus
1193 463 1370 545 exemplum
1388 462 1447 520 Sci-

222 562 329 638 pionis
351 562 509 630 Africani,
533 561 586 634 qni
608 559 742 634 Enniam
766 560 867 624 simili
890 563 1012 624 honore
1037 563 1153 624 affecit.
1199 565 1310 634 Porro,
1346 581 1447 625 onrnes

221 681 415 741 magnopere
438 663 571 726 solliciti
595 682 721 734 sumus,
745 665 785 722 de
809 665 927 725 idoneo
942 664 1107 744 Theologo
1132 667 1162 727 in
1188 669 1290 729 locum
1315 667 1447 727 defuncti

222 769 426 845 surrogando.
478 766 587 842 ltaque
619 767 779 826 lllustriss.
803 765 954 842 Princeps
985 767 1080 828 iussit
1110 785 1161 830 me
1191 772 1331 830 scribere
1361 770 1398 828 ad
1421 776 1448 828 te

221 871 408 948 diligenter,
433 877 528 944 leque
551 885 682 947 rogare,
706 876 740 928 ut
763 870 866 946 primo
891 886 1019 946 quoque
1044 876 1188 948 tempore
1212 872 1371 933 hominem
1389 871 1448 930 ido·

221 991 313 1034 neum
337 973 428 1035 uobis
452 971 577 1040 mittas,
608 988 641 1031 re
666 989 734 1031 citur
761 973 919 1032 loacnimo
944 973 1125 1034 Camerario
1149 975 1334 1036 deliberata.
1381 973 1448 1032 Nam

221 1076 415 1152 Tlreologica
438 1075 553 1144 lectio,
578 1090 660 1149 quae
683 1072 715 1133 in
740 1073 861 1134 scholis
882 1074 1057 1152 praecipua
1075 1083 1106 1136 et
1120 1078 1256 1141 maxime
1273 1074 1449 1136 necessaria

221 1187 287 1249 est,
310 1197 370 1239 non
395 1184 502 1255 potest
526 1177 580 1236 diu
603 1192 726 1236 vacare.
780 1177 876 1254 Cupit
900 1184 1004 1236 antem
1028 1178 1179 1256 Princeps
1205 1180 1300 1239 talem
1324 1179 1447 1246 habere,

160 1297 161 1300 ’
221 1283 371 1358 primum,
402 1280 455 1356 qui
485 1279 527 1340 sit
550 1277 688 1356 ingenio
718 1277 865 1355 placido,
899 1297 960 1340 non
989 1298 1126 1342 moroso.
1178 1283 1254 1344 Nam
1278 1300 1296 1342 a
1319 1279 1448 1341 morosis

221 1392 252 1444 ot
275 1382 485 1444 contentiosis
510 1382 649 1458 ingeniis
673 1382 745 1457 ipse
768 1383 915 1448 abhorret
937 1375 1024 1464 ὁμῶς
1040 1373 1136 1446 ἀΐδαο
1154 1381 1297 1471 πύλῃσιν.
1332 1383 1448 1446 Deinde

220 1490 276 1564 qui
300 1495 332 1548 et
356 1483 500 1546 doctrina
524 1490 554 1544 et
578 1485 729 1544 facultate
753 1483 881 1544 dicendi
912 1500 981 1546 eam
1011 1486 1095 1546 tueri
1119 1489 1324 1548 autoritatem
1349 1491 1448 1561 queat,

214 1569 313 1668 ¹quam
342 1590 519 1650 Stanislaus
550 1588 668 1647 habuit.
722 1586 750 1646 ls
783 1588 867 1648 enim
900 1595 967 1649 erat
998 1588 1079 1650 adeo
1110 1598 1252 1664 promtus
1277 1597 1309 1650 et
1335 1587 1447 1650 exerci-

219 1701 303 1754 tatus
327 1692 358 1752 in
383 1691 535 1760 dicendo,
565 1697 600 1748 ut
623 1689 747 1763 quando
778 1690 987 1767 praelegebat
1017 1693 1168 1754 continua
1192 1695 1338 1756 oratione
1364 1691 1448 1770 quasi

218 1799 426 1858 declamaret:
456 1807 652 1869 magnasque
684 1789 803 1851 civium
832 1809 1003 1854 concursus
1033 1796 1127 1856 fieret
1158 1797 1195 1858 ad
1228 1813 1300 1856 eum
1323 1793 1448 1856 audien-

218 1902 299 1961 dam.
344 1899 522 1973 Postremo,
554 1896 607 1970 qui
632 1901 664 1954 et
688 1895 817 1971 linguae
839 1895 1010 1958 Polonicae
1040 1898 1086 1978 (si
1111 1899 1191 1958 lorte
1216 1898 1290 1960 talis
1315 1896 1448 1958 inveniri

219 2007 327 2082 queat)
357 2021 418 2063 non
449 2000 490 2059 sit
519 1997 657 2074 ignarus.
719 1997 795 2058 Nam
825 1997 975 2076 Princeps
1012 2008 1062 2060 est
1094 2010 1258 2064 curaturus
1293 2001 1392 2062 biblia
1420 1997 1447 2058 in

218 2107 358 2182 linguam
380 2102 563 2166 Polonicam
585 2100 812 2163 transferenda.
869 2103 1017 2180 Cogitavi
1042 2105 1192 2182 equidem
1222 2105 1262 2166 de
1286 2104 1447 2181 Staphyla,

219 2209 309 2269 cuius
334 2205 545 2267 eruditionem
569 2219 605 2263 ac
629 2219 732 2262 mores
756 2219 857 2280 saepe
881 2207 1093 2266 commendari
1109 2206 1301 2268 aStauislao
1325 2203 1446 2267 audivi:

218 2313 275 2372 sed
299 2309 408 2372 nescio
434 2323 515 2382 quae
536 2305 669 2366 facultas
694 2304 781 2366 illius
806 2305 849 2366 sit
873 2305 906 2366 in
930 2307 1081 2370 dicendo:
1116 2311 1190 2388 quia
1213 2309 1292 2370 mihi
1317 2298 1379 2370 noir
1404 2313 1446 2366 est

217 2418 425 2477 benenatus.
478 2409 543 2470 'luo
568 2407 668 2485 igitur
690 2407 814 2470 iudicio
838 2425 903 2470 rem
927 2413 1105 2477 committo:
1135 2420 1255 2475 tantum
1284 2413 1446 2484 admoneo,

217 2534 257 2578 ne
281 2533 374 2592 quem
397 2517 458 2574 huc
487 2514 595 2572 mittas
626 2513 814 2572 indisertum
838 2520 870 2572 et
894 2531 1063 2580 morosum.
1108 2517 1309 2592 Stipendium
1337 2514 1382 2599 (si
1405 2519 1446 2574 est

217 2623 343 2697 doctus)
366 2618 497 2681 habebit
519 2616 596 2676 satis
620 2617 774 2693 amplam,
798 2633 914 2693 nempe
939 2619 987 2678 CC
1010 2636 1178 2679 aureorum
1200 2619 1444 2682 Prutenicomm

217 2741 299 2799 quae
329 2722 456 2798 quidem
487 2718 625 2794 pecunia
661 2719 787 2778 coniicit
821 2733 936 2780 aureos
965 2720 1170 2784 lllarchiticos
1210 2720 1337 2783 circiter
1373 2719 1445 2780 CCL.
1524 2753 1525 2778 l

216 2827 345 2886 Praeter
374 2826 470 2892 naec,
502 2820 738 2882 illustrissimus
768 2820 919 2897 Princeps
943 2839 962 2882 a
984 2829 1016 2881 le
1046 2824 1213 2883 consilium
1245 2824 1328 2900 petil
1358 2822 1389 2882 iu
1417 2833 1445 2878 re
1524 2821 1525 2837 ¹

217 2944 294 2988 sane
318 2925 458 2995 dilficili,
490 2939 571 2999 quae
594 2921 686 2982 nobis
717 2923 864 2983 omnibus
894 2940 1022 3001 magnas
1048 2933 1194 2986 stouras
1226 2934 1258 2987 et
1285 2925 1444 2988 molestias

217 3030 317 3091 affert.
353 3028 441 3089 lianc
463 3043 504 3088 ex
526 3024 608 3085 meis
635 3022 747 3085 alteris
772 3026 905 3095 litteris,
930 3043 1008 3101 quas
1032 3028 1124 3088 iussa
1146 3028 1303 3104 Principis
1325 3025 1443 3100 scripsi,
1523 3019 1524 3089 l

218 3148 402 3212 cognosces.
446 3129 548 3200 Quare
579 3134 611 3215 et
643 3125 797 3202 optimum
826 3127 1007 3205 Principem
1038 3131 1174 3191 consilio
1199 3131 1308 3200 iuves,
1340 3135 1372 3189 et
1395 3143 1445 3186 nos

216 3236 366 3297 molestia
387 3235 495 3302 leves,
523 3249 587 3291 oro.
632 3229 725 3289 Nulla
749 3237 781 3288 te
806 3227 837 3289 in
861 3247 894 3290 re
919 3231 1086 3292 existimes
1110 3231 1214 3307 aeque
1230 3237 1351 3310 gratum
1369 3229 1440 3292 Prin·

217 3339 283 3414 cipi
306 3339 412 3398 lacere
435 3349 551 3412 posse,
579 3347 672 3407 quam
697 3333 725 3392 si
751 3331 834 3406 qaod
846 3331 869 3412 ¹)
893 3332 975 3394 meis
992 3337 1055 3395 abs
1079 3341 1111 3394 te
1135 3335 1242 3396 ¹uerbis
1266 3334 1367 3411 petit,
1398 3347 1444 3390 ex·

217 3444 334 3517 plices:
370 3440 401 3499 id
426 3438 507 3514 quod
533 3444 565 3495 te
588 3435 742 3495 lacunam
772 3453 832 3495 non
863 3435 982 3496 dilfido.
1035 3437 1130 3507 Vale,
1161 3444 1192 3496 et
1222 3437 1322 3496 filiam
1352 3449 1444 3496 meam
1521 3427 1522 3452 ι

217 3561 295 3604 ama.
339 3543 441 3602 Datae
463 3538 544 3599 Prid.
568 3538 694 3597 Caleud.
720 3537 809 3608 lulli,
842 3541 931 3598 Anno
956 3540 993 3598 M.
1007 3539 1141 3600 uultu.
1169 3554 1208 3599 ex
1231 3540 1443 3614 Regiomonte.

301 3645 385 3705 Inter
409 3644 588 3711 studiosos,
612 3656 691 3715 quos
712 3641 781 3701 Dux
806 3641 953 3702 Prassiae
976 3643 1173 3719 Vulteberga
1202 3658 1283 3702 nane
1313 3643 1443 3704 revocat,

217 3733 266 3808 est
291 3748 418 3822 quidam
443 3761 484 3807 ex
508 3745 627 3822 oppido
659 3741 705 3826 (ni
728 3743 835 3827 fallor)
867 3743 1052 3822 Elbingensi
1081 3745 1344 3820 Mathematicus,
1378 3741 1444 3802 huic

215 3851 367 3926 Princeps
398 3849 571 3925 permittit,
600 3853 636 3908 ut
664 3847 786 3906 diutius
817 3849 885 3908 illic
915 3855 1057 3919 uraneat,
1086 3850 1188 3908 donec
1219 3854 1350 3909 nostrae
1374 3849 1442 3905 Aca·
1519 3911 1520 3938 ἦ

215 3955 342 4015 demiae
366 3954 440 4014 usui
464 3965 538 4013 esse
563 3953 674 4028 possit.
721 3951 786 4011 Hoc
811 3953 841 4011 ei
865 3951 1041 4012 indicabis(
1080 3953 1195 4012 lterum
1221 3952 1309 4011 vale:

300 4057 337 4116 Μ.
362 4057 543 4117 Marcellum
568 4062 601 4115 et
621 4055 828 4115 Laurentium
852 4055 1024 4116 Croconem
1048 4055 1122 4115 'eius
1145 4053 1353 4130 discipulum,
1376 4052 1443 4111 item

216 4159 344 4219 Paulum
367 4160 522 4230 Eberum,
544 4157 625 4218 meis
651 4157 757 4218 verbis
781 4165 923 4218 amanter
947 4159 1058 4218 saluta.

1013 4263 1096 4320 'lutrs
1121 4261 1155 4321 G.
1178 4261 1323 4322 Sabinus.

731 4376 937 4393 „bd—HM

216 4432 421 4444 ——a————-=

301 4500 329 4566 l)
355 4499 438 4566 quod]
460 4499 500 4551 sic
519 4507 596 4568 putat
615 4499 737 4552 Keimius
756 4499 804 4550 tt.
823 4517 851 4568 p.
871 4503 930 4553 115.
950 4507 1016 4552 nota
1031 4501 1055 4555 2.
1075 4499 1119 4550 hic
1138 4497 1285 4565 legendnm
1305 4514 1366 4552 esse
1383 4506 1441 4566 pro:

212 4601 287 4655 nan,
307 4588 379 4653 quod
398 4589 516 4656 epistola
535 4590 671 4658 impressa
692 4587 814 4640 exhibet.
