3072 5208
431 305 676 360 surrnruuurr
695 305 780 360 nuru
797 305 943 359 mossur.
1236 289 1304 362 tou

148 461 184 524 in
207 461 341 526 moximo
365 479 519 527 concursu
542 459 783 540 occupationum
804 463 971 528 adferebat
992 463 1103 525 titeros
1125 465 1195 524 tues
1223 481 1287 524 nnn
1345 497 1349 506 ι

67 567 138 628 tius.
184 567 285 639 Qunre
308 585 389 630 nunc
412 582 483 630 euru
507 565 649 628 detinere
671 567 778 639 uolui,
812 575 844 628 et
867 568 1000 630 scribom
1024 566 1077 628 his
1098 566 1223 637 diebus,
1247 566 1303 628 utri

63 667 181 745 aliquid
204 670 329 732 habebo
359 670 452 732 uacui
475 669 640 746 temporis,
674 669 842 746 prolinius.
887 674 1066 732 censemus
1089 668 1222 732 historie
1249 671 1302 731 ed-

64 773 124 832 huc
146 773 313 849 perbrevis
335 778 395 834 est.
425 773 562 850 Tempus
577 788 668 833 omne
691 769 844 836 hacteuus
867 772 901 834 in
916 772 1060 834 exordiis
1083 778 1302 848 consumptum

64 881 118 936 est.
163 875 242 938 Nom
266 875 443 950 adversarii
465 877 597 939 tiberem
620 876 879 956 sutirsgetionem
901 875 1099 954 singulorum
1121 875 1211 938 miris
1227 875 1301 937 erti-

63 978 119 1038 bus
151 975 311 1054 impedire
333 985 493 1042 conentur.
538 977 585 1040 De
608 977 810 1058 dogmatibus
838 978 976 1040 nondum
1004 978 1154 1060 coilocuti
1184 993 1302 1046 sumus.

63 1077 202 1140 umuues
231 1079 262 1142 in
287 1079 501 1146 contractibus
530 1088 693 1144 struuntur
724 1080 982 1144 innumerabiles.
1026 1080 1090 1142 Sed
1111 1088 1217 1144 temen
1248 1081 1302 1144 iro-

64 1180 140 1244 ruini
162 1183 369 1248 mediocriter
391 1182 570 1248 attendenti
601 1201 663 1248 non
686 1184 821 1248 diidoile
841 1191 892 1247 est
915 1185 1099 1249 discernere
1120 1199 1213 1247 verus
1236 1201 1298 1246 ern·

65 1283 196 1360 ptiones
227 1284 403 1350 etictitiis.
447 1287 482 1349 Si
517 1290 626 1350 subest
660 1287 691 1349 in
715 1285 932 1350 contractibus·
951 1304 1050 1359 merx,
1085 1288 1147 1348 hoc
1168 1294 1219 1348 est
1254 1303 1305 1348 res

65 1393 117 1448 uut
140 1386 193 1452 ius
225 1393 261 1450 et
281 1389 361 1453 dune
384 1389 549 1468 pecuniam
577 1407 642 1452 non
664 1390 781 1454 retinet
809 1389 860 1452 ius
888 1390 1084 1470 repetendos
1106 1389 1214 1463 sortis,
1237 1407 1302 1452 eru-

65 1491 130 1568 ptio
154 1499 218 1555 est.

148 1612 197 1674 De
220 1611 426 1675 cohercendis
449 1612 715 1686 foeneratoribus,
738 1615 764 1674 si
787 1620 915 1676 cessent
933 1613 1145 1694 magistratus
1159 1613 1303 1692 superio-

69 1716 151 1778 ribus
159 1716 198 1797 ¹).
227 1713 322 1778 iaciat
351 1715 425 1793 pius
448 1714 648 1778 concionator
672 1715 834 1780 Ecclesiae
856 1715 939 1795 quod
961 1717 1050 1778 iubet
1073 1715 1226 1778 Christus.
1269 1715 1305 1778 Si

67 1819 112 1881 iiii
133 1815 292 1881 admoniti
316 1835 379 1880 nou
402 1817 569 1890 desistent,
591 1837 654 1881 uon
677 1817 822 1882 admittet
845 1835 902 1882 eos
924 1818 965 1882 ud
986 1835 1078 1881 usum
1101 1834 1219 1882 coense
1242 1821 1304 1881 lio

68 1921 150 1985 mini.
193 1921 233 1984 Si
261 1922 387 2000 publico
409 1920 697 1986 excommunimtio
726 1923 889 1986 commode
913 1921 1039 1985 restitui
1062 1926 1191 2000 posset,
1223 1925 1305 1986 henc

69 2041 190 2105 quoque
204 2024 524 2112 vellemexerceri²)‚
547 2027 606 2090 sed
628 2035 753 2106 tempus
775 2026 808 2089 ei
830 2027 878 2090 rei
903 2025 1068 2090 consitium
1082 2027 1193 2090 odiert.
1216 2026 1305 2090 Alios

70 2129 198 2196 scribom
221 2129 392 2208 copiosius.
438 2131 526 2191 Bene
548 2132 630 2194 uste.
666 2132 859 2194 Postremo·
881 2131 1057 2210 negotium.
1078 2132 1120 2192 de
1143 2147 1206 2208 quo
1228 2130 1304 2193 scri·

69 2235 125 2307 bis,
147 2251 243 2297 nemo
266 2233 475 2312 profitebitur.
518 2230 557 2295 lit
579 2241 612 2295 tu
636 2235 665 2296 si
688 2233 801 2296 eudies
825 2250 989 2296 sermones
1012 2249 1052 2295 eu
1074 2233 1114 2294 de
1137 2249 1183 2304 re,
1214 2232 1303 2295 dicus

73 2338 229 2400 neminem
252 2338 322 2400 iore
344 2337 558 2414 professorem
578 2335 652 2400 otus
674 2336 834 2399 novimus
864 2337 978 2398 lterum
1002 2337 1079 2396 veie.

756 2492 923 2573 Phiiippus
945 2491 1134 2558 Melanthos.

582 2767 789 2784 tw

478 3100 526 3214 Β.
555 3094 756 3172 Molosson·
780 3093 911 3168 uinus.

136 3265 210 3319 iisne
230 3267 372 3334 epistolem
403 3273 431 3320 et
447 3265 657 3332 subsequentem
685 3265 816 3332 descripsi
847 3279 881 3314 ex
899 3262 988 3314 Iudice
1006 3259 1186 3328 Epistolerum
1205 3259 1305 3314 11131111-

167 3354 294 3408 cirthouis
324 3352 389 3406 uon.
406 3357 450 3409 58·
468 3349 500 3408 4⁰
519 3351 704 3405 =ttttttotneose
723 3351 844 3404 dmuuts
862 3349 1074 3414 iiemburgensis
1099 3347 1147 3399 ioi.
1166 3351 1200 3401 ⁴12
1218 3347 1305 3400 e.-ir.

170 3457 216 3496 uo.
235 3445 295 3496 112.
313 3447 341 3492 et
358 3439 403 3492 tot.
420 3443 467 3494 72»
484 3455 527 3492 ue.
541 3441 600 3495 113.

520 3641 716 3727 (Inscriptio
737 3642 857 3723 deest.)

174 3817 330 3882 Proximis
359 3821 412 3882 his
434 3819 546 3884 diebus
581 3834 650 3882 cum
673 3819 798 3882 dentum
819 3815 986 3886 redissem,
1016 3817 1163 3889 coeptum
1186 3812 1235 3870 esi
1263 3806 1304 3868 de

75 3913 249 3986 Professoro
270 3922 471 4004 'theologice
508 3923 690 3994 detinerent,
719 3919 775 4000 qui
797 3918 931 3995 reliquis
955 3917 1127 3980 lectoribus
1150 3910 1305 3974 adiicere·

77 4019 128 4082 tur.
167 4025 249 4089 utini
273 4026 305 4088 id
328 4027 436 4092 oneris
460 4025 582 4106 imponi
604 4011 732 4106 quidum
753 4023 883 4086 volunt:
922 4027 1033 4098 estque
1058 4036 1098 4081 eu
1120 4015 1304 4083 conditione

76 4132 162 4189 ructu
182 4145 314 4192 meroes.
358 4130 475 4192 Verum
511 4146 562 4192 me
597 4131 715 4202 multoe
745 4141 862 4190 cuusoe
895 4123 1067 4192 deterrent,
1100 4136 1159 4182 nec
1180 4116 1305 4180 videtur

77 4225 144 4291 huic
164 4233 266 4297 lobori
289 4233 612 4307 sufficerevalotuuo
633 4248 694 4308 quo
717 4246 790 4309 ego,
812 4232 846 4289 ut
868 4227 944 4298 scis,
967 4229 1122 4304 perpetuo
1144 4229 1226 4286 utor.
1243 4219 1301 4304 uir

77 4384 274 4408 ..ιι-*η-

173 4479 202 4545 1)
224 4477 421 4549 superioribus]
439 4493 488 4546 pro
506 4477 556 4536 isc
574 4472 795 4542 somatopoeia
812 4470 935 4524 videtote
954 4465 1118 4534 superiores.

172 4583 200 4649 2)
225 4581 368 4649 exerceri]
385 4581 424 4634 sic
442 4580 549 4651 scripsi,
567 4579 586 4635 1.
604 4579 621 4632 1.
640 4575 754 4642 legitur3
774 4574 858 4636 exeri,
