3072 5208
459 371 706 425 sarriendum
726 373 808 424 num
835 375 908 428 isis.
1237 355 1303 428 225
1389 445 1397 460 ἢ

87 529 141 588 aar.
170 531 222 586 m.
238 527 348 587 aaut
393 523 520 604 (miv.
543 531 671 606 puae.)
1184 533 1211 590 2.
1235 535 1291 590 Jn.

174 613 332 641 Μ
1173 617 1299 647 [ΑΛ

85 685 267 776 lutherus,
284 687 568 784 Bupeultupim,
587 691 823 782 Cruciycrus,
840 693 965 760 Maior
980 698 1019 759 et
1033 686 1305 761 Melouclitltou

312 807 364 880 ud
390 805 608 899 Philippum
632 811 778 878 Ducem
804 813 1062 880 Pomeruuiue.
1118 865 1122 873 ,

141 940 208 991 Haec
228 941 348 1006 epistola
367 941 475 1004 legetur
494 941 567 1006 apud
585 937 787 991 Burlihardtum
807 941 823 989 Ι.
837 941 854 990 l.
874 957 901 1007 p.
916 943 967 992 472
980 957 1022 1005 sq.

84 1179 140 1239 288.
170 1183 225 1238 No.
242 1179 351 1240 aiiii.
399 1177 474 1263 (Vol.
489 1185 523 1239 V.
545 1201 576 1262 p..
589 1177 677 1262 793.)
1095 1179 1180 1262 (med.
1192 1182 1304 1258 Juliot)

177 1265 349 1292 M
1010 1263 1011 1266 ’
1101 1270 1297 1294 Μ

83 1341 283 1427 domninum,
306 1342 398 1409 Duc
412 1337 673 1423 Pomeruuice,
698 1335 750 1406 ud
765 1335 985 1424 Luthcrum,
1002 1338 1305 1434 Bupeuhupium,

231 1461 493 1554 Urucipcriim,
527 1460 715 1528 Maiorem
741 1465 779 1526 et
803 1455 1145 1530 Motonctmouem

140 1593 206 1644 viae
225 1593 428 1644 Burkhsrdium
448 1591 466 1641 r.
483 1591 499 1642 ι.
518 1605 547 1658 p.
563 1589 720 1642 ara-us.

586 1709 793 1722 ——m-*fl-

85 1797 143 1857 aao.
176 1803 229 1856 m.
243 1797 369 1859 aissa
391 1799 477 1873 qva.
493 1801 531 1856 v.
553 1817 581 1872 p.
598 1795 685 1878 ari.)

176 1885 331 1910 M

591 1951 787 2023 Iudicium.

143 2089 194 2142 lloo
217 2088 365 2150 iudicium,
391 2102 451 2138 eum
476 2086 524 2136 illa
549 2085 682 2152 epistola,
708 2099 777 2150 quae
802 2083 829 2133 in
852 2083 932 2152 Oorp.
952 2084 1011 2134 uer.
1032 2086 1091 2138 Vol.
1104 2088 1136 2140 V.
1164 2089 1307 2154 p.812sq.

173 2173 310 2228 No.3²38.
336 2174 453 2238 legitur,
483 2169 725 2222 aMela'nehthone
753 2178 779 2220 el
806 2170 962 2221 camerario
990 2172 1025 2222 ad
1044 2173 1186 2224 albertum
1204 2175 1307 2226 Ducem

174 2260 299 2311 Prussiae
319 2259 442 2323 missum,
462 2257 593 2324 Toeppen
613 2255 660 2304 l.l.
681 2271 708 2323 p.
726 2255 884 2308 aot-309.
905 2254 953 2308 No.
964 2257 989 2308 3.
1013 2258 1128 2322 primum
1148 2261 1243 2312 edidit.

86 2377 222 2465 Philippi·
244 2373 511 2442 Metoncltlonis
535 2390 567 2438 et
590 2354 753 2438 [euchimi
774 2373 963 2440 Camerari'i
983 2377 1143 2443 iudicium
1165 2379 1208 2440 de
1228 2405 1308 2463 pro-

287 2479 481 2544 motionibus
504 2478 673 2542 insciolo
696 2475 967 2560 Regiomcutaua
995 2485 1084 2542 1545.

157 2605 220 2664 Non
245 2604 379 2664 dubium
399 2611 447 2664 est
472 2603 641 2662 eeclesiam
664 2601 718 2660 dei
742 2604 909 2664 habentem
938 2605 1065 2664 scholas
1094 2613 1124 2664 et
1148 2605 1307 2666 auditoria

88 2721 135 2764 sen
155 2707 291 2786 collegia
314 2707 495 2767 docentium
521 2713 552 2765 et
575 2705 782 2775 discentium,
809 2723 905 2786 posse
929 2713 960 2766 et
984 2707 1102 2767 debere
1122 2709 1307 2772 testimonia

88 2806 150 2868 dare
177 2809 391 2880 auditoribus,
427 2808 510 2869 sieut
540 2808 737 2870 consuetudo
769 2815 921 2879 testatur,
951 2810 991 2870 de
1019 2809 1124 2870 literis
1149 2829 1231 2886 quae
1255 2832 1309 2872 vo-

87 2920 180 2974 cantur
201 2917 371 2982 formatae,
402 2921 434 2973 et
458 2912 587 2989 aliquae
611 2909 725 2990 synodi
748 2913 976 2982 decreverunt,
1008 2931 1048 2972 ne
1073 2915 1142 2974 sine
1166 2916 1308 2978 ionnatis

89 3016 290 3093 reciperentur
319 3015 377 3075 ulli
407 3018 599 3077 sacerdotes.
651 3017 688 3076 Et
711 3017 790 3075 deus
815 3017 879 3075 vult
904 3016 1175 3090 frequentioribus
1207 3022 1310 3080 eccle-

89 3115 137 3178 siis
158 3120 322 3180 adiunctas
347 3134 420 3178 esse
444 3121 572 3179 selrolas
596 3115 759 3178 literarum
784 3125 814 3177 et
838 3117 1019 3188 doetrinae,
1044 3135 1125 3193 quae
1150 3121 1308 3182 ecelesiae

89 3222 255 3284 necessaria
279 3227 345 3291 est,
375 3228 411 3282 nt
434 3223 511 3283 olim
534 3223 664 3282 scholae
692 3223 817 3281 luerunt
840 3220 1071 3291 Alexandriae,
1104 3221 1308 3294 Antiochiae,

91 3322 250 3388 Caesareae
266 3333 325 3386 ete.
351 3331 382 3385 et
402 3341 442 3386 ex
458 3325 508 3386 bis
533 3324 736 3386 mittebantur
760 3324 908 3384 doctores
932 3325 963 3383 in
990 3340 1098 3385 ornnes
1125 3325 1307 3402 provincias

91 3443 146 3487 eum
167 3428 370 3490 testimoniis.

160 3533 259 3604 Quare
292 3551 374 3592 nunc
405 3547 531 3607 quoque
563 3535 671 3608 potest
699 3530 838 3590 ecclesia
870 3531 990 3590 liabens
1020 3531 1199 3593 adiunctam
1224 3531 1310 3609 piam

92 3635 213 3697 scholam
236 3637 312 3696 dare
335 3633 536 3702 testimonia,
561 3635 622 3693 hoo
646 3639 711 3701 est,
736 3632 1084 3696 renuntiareDoctores
1108 3634 1306 3720 theologiae.

162 3739 245 3800 Haec
268 3737 428 3798 sententia
450 3738 490 3796 de
514 3733 676 3812 theologis
700 3754 762 3795 non
786 3734 963 3796 dubiafest.
1001 3737 1110 3812 Neque
1133 3737 1186 3798 liic
1202 3739 1309 3815 dispu-

92 3843 201 3904 tandum
225 3849 274 3902 est
296 3842 336 3900 de
359 3839 542 3916 privilegiis
566 3845 619 3900 aut
642 3839 712 3898 iure
736 3855 903 3898 aureorum
927 3841 1121 3900 annulorum.
1177 3839 1251 3901 Nam
1276 3841 1311 3899 hi

93 3957 171 4014 quum
192 3943 354 4004 mittantur
377 3941 415 4002 ad
438 3939 646 4018 Etrengelium
672 3941 863 4011 docendum,
897 3942 999 4000 sciant
1025 3957 1060 4000 se
1085 3959 1250 4003 aerumnas
1277 3948 1308 4001 et

93 4063 198 4109 erucem
226 4047 332 4115 adire,
363 4061 424 4105 non
455 4061 533 4121 opes
564 4052 595 4105 et
619 4047 801 4122 voluptates
833 4061 967 4120 querere
998 4046 1124 4107 debere.
1179 4045 1216 4106 Et
1239 4065 1311 4123 pro-

92 4153 234 4212 motiones
256 4151 338 4211 tales
361 4147 568 4224 theologicae
590 4145 717 4208 luerunt
740 4155 877 4226 patrum,
903 4149 1150 4226 prophetarum,
1182 4157 1213 4208 et
1237 4165 1310 4225 apo-

93 4255 228 4314 stolorum
251 4251 457 4328 temporibus:
501 4250 539 4311 Ei
562 4258 676 4328 postea
699 4250 885 4312 florentibus
907 4251 1062 4312 Ecclesiis
1084 4251 1311 4322 Alexandrina,

93 4353 278 4416 Caesariensi
302 4361 332 4412 et
356 4354 452 4429 longe
475 4359 549 4413 aute
572 4371 665 4429 quam
689 4361 742 4413 aut
763 4355 972 4429 imperatores
989 4361 1041 4414 ant
1058 4353 1190 4414 Romani
1206 4354 1311 4431 ponti-

94 4455 158 4516 fices
179 4455 299 4533 aliquid
322 4463 495 4517 sanxerunt
519 4457 559 4515 de
582 4455 776 4518 Academiis.

164 4561 209 4619 lle
230 4559 363 4634 reliquis
388 4557 488 4619 tribus
511 4559 715 4622 facultalibus
740 4561 784 4620 itu
807 4561 997 4636 respondeo.
1032 4558 1106 4621 Seio
1133 4578 1213 4636 cquae
1232 4577 1314 4621 nunc

98 4656 150 4720 sint
170 4663 301 4724 usitatae
325 4662 513 4737 opiniones,
549 4680 608 4724 nec
638 4663 733 4740 cupio
765 4670 885 4724 mutare
920 4669 1120 4738 praesentem
1152 4661 1311 4738 politiam,
1405 4651 1409 4659 '

126 4771 211 4823 supplem.
229 4773 346 4812 lelnchtli.
1104 4769 1141 4826 15
