3120 5206
456 331 701 385 surrmrrnnrr
713 331 804 382 arur
825 331 901 384 roeo.
1256 311 1299 384 tt

79 460 199 561 Christi,
223 493 274 551 vel
299 490 328 551 si
353 507 469 566 corpus
493 486 612 548 Christi
635 493 792 548 mortuum
814 484 1002 556 mansisset,
1027 492 1059 544 et
1082 485 1298 564 consumptio-

79 612 138 654 nem
160 601 246 655 esset
270 599 445 670 expertum.
490 589 577 660 Quae
602 588 688 650 enim
709 587 801 649 nobis
826 587 901 648 inde
925 603 1001 665 spes
1030 584 1299 650 resurrectionis?

78 697 196 756 Proinde
228 696 314 758 nullo
345 694 437 754 niodo
468 707 544 750 vere
575 708 689 766 corpus
722 707 777 766 per
812 706 925 766 panem
960 691 1135 766 significari
1164 697 1302 768 poterat,

79 801 129 858 nisi
150 800 290 859 divinum
314 802 401 856 osset
425 795 509 870 quod
534 808 702 869 resurgere
727 792 885 868 potuerit,
918 799 949 852 et
979 793 1072 852 nobis
1101 809 1230 868 quoque
1252 809 1299 852 re.

78 899 212 976 surgendi
235 915 331 959 eausa
355 903 449 957 esset.
484 896 581 968 Atqui
604 894 781 971 corporalis
798 895 916 954 Christi
937 896 1135 970 praesentia:
1159 902 1223 956 tam
1238 913 1299 956 non

78 1005 175 1062 attinet
204 1003 242 1062 ad
273 1009 412 1061 nostram
443 998 710 1058 resurrectionem
746 997 970 1067 roborandam,
1005 1013 1097 1072 quam
1126 1017 1187 1060 non
1219 1015 1301 1074 opus

80 1114 134 1164 erat
155 1104 339 1165 Centurioni
362 1104 402 1163 ad
425 1101 594 1162 curandum
619 1117 752 1176 puerum
775 1118 876 1160 suum.
911 1099 1050 1170 idcirco,
1075 1101 1120 1162 mi
1141 1101 1301 1176 Philippa,

80 1208 191 1280 siquid
216 1207 306 1266 voles
330 1205 370 1264 de
393 1203 452 1264 hac
476 1219 509 1262 re
534 1203 712 1272 disserere,
736 1202 812 1261 vide
832 1209 865 1262 et
885 1202 956 1278 ipse
979 1221 1073 1278 quarn
1090 1205 1303 1280 periculosam

80 1310 261 1382 provinciam
284 1307 427 1367 accedas.
464 1304 542 1365 Mihi
567 1305 779 1364 certissimum
803 1310 863 1374 est,
890 1311 1015 1364 veteres
1034 1305 1230 1366 orthodoxos
1245 1321 1302 1382 pro

81 1412 157 1470 nobis
180 1417 280 1479 stare,
311 1407 456 1483 quamvis
479 1409 519 1466 ab
544 1407 725 1467 hominibus
754 1425 817 1467 non
840 1405 1052 1482 pendeamus,
1082 1407 1210 1466 tametsi
1233 1425 1302 1482 pro-

81 1513 268 1587 phetantibus
292 1512 358 1571 illis
381 1529 442 1570 non
467 1510 569 1568 minus
594 1525 686 1583 qnam
711 1511 912 1578 viventibus,
942 1525 1035 1568 aures
1065 1509 1203 1570 libentes
1226 1510 1302 1570 erri-
1342 1591 1345 1598 ,

79 1631 182 1689 gamus.
235 1614 387 1674 Omnibus
418 1621 521 1674 tamen
554 1612 654 1671 modis
692 1613 833 1671 sanetius
868 1618 918 1670 est
945 1613 1038 1672 nobis
1069 1614 1196 1672 verbnm
1227 1613 1305 1673 Dei:

80 1717 112 1775 de
132 1734 189 1791 quo
211 1713 399 1791 deinceps,
418 1723 534 1789 quanta
563 1714 635 1774 eius
666 1713 826 1790 religione
857 1721 1028 1774 teneamur.
1072 1715 1224 1776 videmur
1245 1717 1305 1776 tihi

80 1821 303 1895 aproprietate
327 1821 493 1879 verborum
517 1816 704 1884 discedere,
728 1823 760 1875 et
783 1817 990 1878 conscientiis
1014 1820 1095 1878 rnale
1119 1820 1303 1882 consulere:

19 1921 20 1924 ’
81 1924 129 1982 sed
148 1924 304 1982 immerito
336 1923 419 1982 male
450 1921 604 1981 audimus.
660 1919 728 1978 Non
760 1920 845 1979 enirn
868 1921 922 1994 qui
944 1923 1116 1998 genuinam
1139 1924 1306 1984 verborum

19 2069 20 2080 ,
80 2033 200 2084 mentem
231 2042 412 2093 servamuS,
449 2023 680 2099 proprietatem
717 2021 942 2097 relinquimuS,
977 2025 1034 2084 sed
1070 2027 1168 2086 inulto
1203 2027 1305 2102 magis
1336 2011 1339 2018 ¹

19 2105 21 2140 ³
81 2130 242 2188 astruimus.
277 2128 388 2188 Nonne
411 2126 551 2186 fideliter
574 2126 716 2202 egimuS,
740 2125 769 2184 si
793 2126 988 2186 intellectum
1010 2133 1151 2188 nostrum
1165 2129 1197 2188 in
1214 2131 1305 2191 obse

82 2233 175 2303 quium
197 2233 315 2292 Christi
338 2226 545 2290 abducimns?
580 2229 747 2289 laudabis
771 2230 848 2289 scio.
903 2231 966 2290 lem
990 2232 1074 2304 quod
1103 2239 1152 2292 est
1177 2233 1305 2292 verbum

19 2321 20 2354 ³
82 2331 167 2392 fidei?
199 2351 304 2394 nonne
333 2333 427 2392 fateri
451 2332 609 2392 Christum
633 2347 742 2392 verum
773 2333 935 2392 hominem
958 2349 1032 2392 esse
1054 2335 1238 2405 Dominum,
1274 2342 1306 2394 et

19 2457 20 2460 ¹
82 2438 283 2497 resurrexisse
314 2454 333 2496 a
362 2433 519 2496 mortuis?
580 2435 676 2510 igitur
705 2435 917 2495 adulterinum
948 2434 1022 2506 est,
1052 2439 1202 2512 quicquid
1231 2439 1306 2498 huic

82 2539 264 2600 confessioni
293 2540 433 2616 derogat.
489 2539 611 2598 Ponere
641 2543 746 2596 autem
777 2556 891 2614 corpus
921 2540 1041 2600 Christi
1069 2535 1308 2622 ἀσχημάτιστον

20 2685 21 2718 r
82 2644 125 2702 καὶ
145 2637 392 2725 tnsptppomov,
416 2645 471 2704 καὶ
492 2635 626 2710 ἄτοπον,
649 2643 703 2701 καὶ
721 2635 915 2721 nutritorem,
938 2641 1014 2716 quid
1029 2643 1116 2702 aliud
1131 2649 1190 2714 ast,
1214 2661 1307 2718 quam

84 2745 290 2822 imaginarium
313 2752 346 2804 et
370 2763 432 2804 non
455 2761 565 2804 verum
586 2759 733 2804 asserere
750 2743 931 2806 Christum?
957 2755 988 2806 et
1012 2750 1039 2807 si
1063 2751 1158 2810 talem
1174 2751 1206 2810 in
1223 2767 1305 2826 parre

84 2846 265 2918 invenimus,
298 2848 458 2921 quomodo
487 2848 657 2923 analogiae
679 2847 757 2906 fidei
786 2856 1033 2910 consentaneum
1066 2854 1145 2923 erit,
1182 2871 1306 2916 carnem

84 2952 188 3011 Christi
211 2955 269 3012 sub
294 2968 375 3026 pane
401 2957 603 3027 praesentem
626 2951 795 3010 carnaliter
810 2951 1014 3013 manducari?
1053 2957 1307 3018 Consentaneum

85 3068 163 3129 ergo,
191 3057 273 3115 nihil
304 3053 493 3130 proprietati
523 3056 689 3114 verborum
711 3054 887 3125 decedere,
924 3057 953 3114 si
976 3063 1086 3133 tropus
1110 3061 1306 3121 admittatur:

20 3183 21 3242 3
84 3172 115 3213 ne
135 3159 297 3236 quippiam
322 3163 476 3217 statuatur
496 3157 684 3216 humanitati
704 3158 821 3216 Christi
838 3158 1023 3230 adversum,
1048 3161 1080 3220 id
1093 3164 1176 3236 quod
1193 3164 1309 3240 dogma

20 3245 21 3260 ¹
86 3267 209 3321 restrum
238 3263 384 3322 minatur.
446 3261 566 3335 frepus
604 3275 681 3320 sane
718 3261 914 3331 custoditus,
949 3265 1178 3340 proprietatem
1207 3268 1309 3344 verbi,

21 3395 22 3440 3
84 3364 321 3433 quod'Christus
346 3364 457 3431 uoluit,
482 3361 636 3438 explicat:
661 3363 825 3440 neglectus
848 3370 954 3424 autem
978 3367 1073 3442 longe
1094 3369 1190 3439 aliud,
1215 3385 1309 3444 quam

85 3467 158 3543 loqui
181 3469 366 3546 oportebat,
397 3467 528 3535 edocet,
557 3465 718 3541 facietque
746 3473 781 3525 ut
810 3483 879 3526 curn
908 3469 1052 3529 articulis
1075 3472 1152 3530 fidei
1176 3479 1306 3533 strenue

85 3580 243 3646 pugnetur,
274 3571 445 3644 nullaeque
476 3570 668 3643 scripturae,
703 3571 767 3630 imo
798 3587 838 3630 ne
868 3573 934 3632 iota
962 3589 1057 3632 unum
1086 3577 1308 3652 astipulentur,

86 3673 131 3730 sed
151 3675 245 3733 simul
269 3672 487 3742 contradicat,¹
505 3672 657 3746 quicquid
674 3674 830 3733 Christum
855 3673 910 3750 pie
934 3676 1024 3736 nohis
1045 3677 1216 3750 praedicat.
1251 3677 1314 3738 llic·

86 3781 109 3836 tn
135 3778 295 3854 refugies,
331 3783 362 3834 et
390 3775 550 3852 indignam
576 3776 757 3834 Christiano
789 3765 975 3853 opinionem
1009 3780 1115 3849 dices,
1150 3781 1309 3842 Christum

85 3882 208 3957 aliquam
240 3880 325 3942 coeli
356 3885 478 3955 partem
508 3895 702 3956 occupasse,
737 3887 885 3954 tanquam
913 3883 945 3941 fn
976 3899 1104 3944 carcere
1135 3883 1308 3944 sedentem.

85 3982 279 4045 benedicis:
317 3983 415 4042 Nemo
446 3981 529 4041 eninr
561 3982 757 4043 Christianus
788 3985 835 4044 sic
865 3985 1012 4060 loquitur.
1065 3987 1156 4046 Coeli
1188 3986 1308 4064 quippe

22 4103 24 4178 ᾗ
87 4086 175 4148 locum
189 4086 308 4148 Christi
332 4091 459 4160 corpori
481 4087 669 4156 tribuentes,
693 4105 755 4147 non
779 4103 948 4158 carcerem,
981 4090 1039 4148 sed
1062 4090 1134 4166 ipso
1158 4091 1308 4169 dignissi-

88 4207 155 4252 rnum
190 4191 404 4275 habitaculum
445 4190 570 4250 damus:
608 4197 639 4248 et
675 4191 882 4251 nihilominus
921 4193 1059 4268 aliquem
1091 4197 1194 4255 locum
1225 4196 1310 4256 coeli

89 4304 222 4373 occupat,
254 4297 484 4372 qualiscunque
508 4295 635 4355 tandem
658 4295 715 4354 ille
739 4297 798 4365 sit,
832 4302 963 4372 propter
989 4297 1055 4356 veri
1078 4302 1222 4375 corporis
1245 4319 1310 4362 mo·

89 4393 163 4470 dun,
184 4407 219 4462 ut
242 4399 441 4476 Augustinus
465 4399 517 4458 ait.
562 4397 680 4480 Sedet
703 4401 802 4459 Lucas
825 4400 975 4459 Actorum
999 4401 1119 4476 primo,
1144 4408 1175 4462 et
1196 4403 1310 4464 Paulus

89 4498 119 4556 ad
139 4503 441 4563 Thessalonicenses
471 4508 503 4560 et
531 4501 757 4578 Philippenses
788 4503 979 4562 convincunt
1002 4503 1161 4567 Christum
1190 4507 1310 4566 alicubi

90 4596 235 4673 localiter,
259 4611 293 4662 nt
318 4603 366 4662 sic
388 4601 506 4672 dicam,
531 4604 703 4673 contineri,
728 4603 826 4680 idque
850 4605 880 4664 in
906 4605 1017 4666 coelis.
1058 4607 1096 4666 tlt
1120 4610 1310 4686 praescribit
