3152 5208
686 393 870 452 aerenum.
1187 427 1190 431 -
1292 373 1379 447 5511

140 551 234 627 sequi
256 565 394 628 pergam.
440 550 525 624 Quod
548 543 654 611 autem
688 550 728 610 ad
751 567 894 612 caussam
917 547 1130 620 Osiandricam
1163 547 1295 618 attinet,
1332 545 1379 608 iu-

141 653 213 714 dioo
251 669 320 714 eam
343 673 404 714 non
429 669 503 714 esse
537 655 617 714 tanti
639 655 808 724 momenti,
842 660 878 713 ut
911 661 1041 731 propter
1063 635 1167 730 ipsam
1191 647 1379 713 ciratentiae
1494 675 1498 684 ·

138 761 317 818 nostrornm
340 756 501 817 hominum
522 755 749 834 indulgeamus.
794 755 861 816 Non
885 757 969 816 enim
991 755 1118 816 videtur
1140 752 1221 814 mibi
1252 743 1373 814 coemo:

140 859 247 922 versia
269 861 438 937 potissima
459 861 499 920 de
522 860 672 936 dogmate
696 860 754 920 sed
778 861 881 938 magis
904 859 944 920 de
962 875 1104 934 persona
1127 875 1212 929 esse,
1234 863 1378 919 utrumne

140 962 296 1023 Osiander
319 965 381 1023 hoc
404 979 442 1024 an
467 961 554 1023 aliud
578 963 728 1031 senserit,
764 961 865 1038 qualis
888 944 1016 1038 quidem
1040 960 1117 1023 oiim
1151 961 1191 1021 de
1214 957 1379 1036 Origine

139 1066 303 1128 contentio
326 1067 395 1128 fuit.
435 1066 562 1126 Veritas
585 1066 683 1142 igitur
706 1068 740 1126 et
762 1065 918 1126 rectitudo
941 1063 1103 1142 dogmatis
1125 1065 1170 1124 ita
1193 1062 1378 1132 illustretur,

139 1177 174 1230 ut
196 1170 315 1229 nullum
340 1170 380 1230 de
406 1185 443 1229 eo
468 1168 596 1229 dubium
620 1166 704 1228 inter
725 1174 851 1229 nostros
874 1169 1079 1244 relinquatur.
1125 1167 1248 1228 Maneat
1272 1172 1378 1226 autem

139 1271 212 1341 hoc,
235 1272 264 1330 si
287 1269 415 1347 quidem
438 1270 484 1331 ita
505 1271 674 1344 videbitur,
698 1271 729 1331 in
755 1269 863 1342 dubio,
900 1274 1044 1332 utrumne
1068 1268 1223 1330 Osiander
1245 1272 1308 1330 hoc
1339 1287 1378 1330 an

139 1375 302 1436 diversum
336 1375 486 1439 senserit.
529 1372 569 1434 Ut
593 1373 750 1451 dogmatis
774 1371 949 1448 explicatio
984 1372 1170 1433 necessaria
1194 1379 1242 1432 est
1276 1372 1379 1434 eaete-

140 1478 222 1548 siae,
255 1479 300 1538 ita
322 1478 402 1538 baec
424 1477 467 1538 de
488 1476 634 1538 Osiandri
658 1476 813 1554 opinione
837 1475 1012 1554 disputatio
1035 1477 1123 1536 nihii
1140 1471 1179 1537 ad
1201 1475 1380 1536 ecclesiam.

138 1579 175 1641 Si
196 1579 352 1662 osiander
374 1581 488 1653 sensit,
513 1581 597 1657 quod
619 1597 728 1642 verum
751 1580 865 1658 dogma
886 1581 1001 1650 habet,
1035 1581 1132 1651 bene,
1167 1583 1253 1640 recte
1275 1579 1378 1639 fauea-

139 1701 209 1746 mus
234 1684 274 1744 ei.
320 1683 355 1746 Si
378 1692 484 1746 autem
509 1685 700 1745 contrarium
723 1685 833 1754 nonsit,
858 1699 915 1744 suo
937 1683 1066 1746 domino
1090 1683 1190 1744 cudat.
1235 1682 1327 1742 115115
1349 1684 1380 1740 oi

139 1787 336 1849 verecundia
359 1787 503 1850 obstricti
526 1803 645 1850 sumus.
689 1789 781 1849 Pater
804 1787 956 1848 eoelestis
980 1805 1042 1848 non
1066 1787 1105 1847 de
1128 1785 1297 1855 Osiandro,
1321 1783 1379 1844 sed

139 1893 181 1952 de
204 1891 271 1953 filio
296 1911 353 1954 suo
377 1890 481 1954 dixit:
506 1893 593 1953 Hunc
615 1893 731 1954 audite.
776 1891 813 1952 at
838 1892 920 1952 sicut
943 1909 1006 1952 non
1027 1889 1335 1959 ‘serendum'iudicu
1350 1886 1379 1948 si

140 1987 214 2072 quis
239 2011 307 2058 cum
330 1997 385 2074 pio
409 1997 556 2074 dogmate
581 1995 778 2073 pugnaverit,
802 1997 847 2056 ita
869 1995 1119 2072 compescendus
1142 1993 1222 2055 mihi
1245 1991 1380 2061 videtur,

139 2100 196 2176 qui
221 2101 390 2160 ecclesiam
412 2100 570 2176 pertinaci
593 2115 651 2160 sua
674 2099 880 2159 contentione
903 2097 943 2159 de
959 2095 1104 2158 Osiendri
1128 2093 1288 2157 sententia
1309 2109 1379 2170 per·
1419 2146 1421 2150 .

136 2201 322 2263 turbaverit.
357 2201 424 2263 Hoc
446 2216 551 2263 meum
575 2207 661 2262 esset
684 2199 864 2272 consilium,
894 2200 923 2260 si
945 2199 1023 2262 mihi
1045 2199 1176 2262 dicendi
1199 2201 1288 2260 locus
1306 2212 1378 2260 corr·

145 2306 321 2366 cederetur.
366 2307 433 2384 Ego
469 2307 507 2366 ab
540 2308 602 2366 hoo
624 2303 783 2366 virulento
806 2302 942 2364 dissidio
982 2304 1028 2366 ita
1050 2305 1216 2374 abhorreo,
1245 2308 1281 2364 ut
1304 2317 1379 2378 quo·

135 2409 202 2468 ties
226 2408 296 2470 eius
319 2409 400 2470 mihi
423 2411 456 2471 in
478 2415 617 2470 mentem
638 2410 739 2480 venit,
768 2413 940 2484 properem
976 2408 1028 2467 uei
1051 2406 1091 2469 ad
1113 2423 1227 2483 preces
1263 2406 1315 2466 vei
1338 2405 1379 2466 ad

137 2529 271 2606 amicos,
293 2547 355 2606 quo
379 2531 530 2591 molestas
554 2529 633 2592 istas
658 2527 870 2607 cogitationes
895 2527 1059 2590 excutiam.
1104 2527 1189 2589 Deus
1212 2536 1302 2602 pater
1316 2529 1377 2589 Do-

135 2629 214 2690 mini
237 2633 337 2692 nostri
359 2631 430 2694 lesu
454 2630 572 2693 Christi
609 2635 764 2712 gubernet
786 2622 895 2707 spiritu
918 2647 975 2692 suo
999 2637 1108 2692 sancto
1144 2637 1283 2690 vestrum
1306 2645 1377 2689 con-

135 2737 277 2804 ventum,
310 2742 345 2794 nt
378 2734 515 2813 insignis
539 2735 593 2797 illa
615 2735 889 2812 Norimbergensis
913 2735 1051 2796 ecclesia
1074 2735 1245 2810 tranquilia
1268 2733 1379 2792 redda-

134 2842 198 2897 tur.
243 2837 329 2898 Bene
353 2855 391 2898 ac
414 2839 572 2900 foeliciter
595 2841 677 2901 vale.
721 2838 942 2914 Studtgardiae
966 2835 1019 2897 die
1042 2839 1092 2910 29.
1116 2837 1273 2918 Septemb.
1297 2843 1378 2896 anno

135 2941 231 3002 1555.
1120 3019 1122 3028 ¹

995 3045 1038 3105 lo.
1064 3043 1220 3105 Brentius

268 3215 459 3276 Commendo
482 3231 534 3276 me
561 3212 734 3291 diiigenter
757 3211 906 3290 precibus
929 3214 965 3274 D.
988 3212 1124 3276 Alesii
1153 3219 1186 3276 et

268 3317 462 3396 reliquorum
485 3316 666 3388 amicorum,
691 3318 745 3394 qui
771 3315 931 3378 vobiscum
955 3324 1038 3378 sunt.
1100 3397 1102 3401 Ι

135 3873 208 3932 ert.
248 3873 302 3930 no.
319 3871 429 3932 earet
468 3875 544 3950 (vor.
567 3875 650 3932 vrrr.
671 3895 698 3950 p.
715 3872 802 3954 oco.)
1147 3876 1194 3936 15.
1207 3873 1269 3932 eor.
1285 3874 1376 3934 1555.

248 3955 419 3987 M
1171 3957 1368 3988 Μ

565 4115 672 4231 Idem
699 4117 751 4188 aut
778 4117 950 4191 eundem.

206 4302 228 4354 E
248 4302 374 4354 Pressclii
391 4302 476 4354 libro:
501 4301 1014 4372 55555515Βτ55115555.413-415.
1033 4321 1076 4358 no.
1095 4304 1224 4359 CCXXV.
1243 4331 1276 4344 -·
1301 4303 1375 4358 Haeo

240 4389 358 4458 epistola
377 4393 486 4458 spectat
505 4389 540 4440 ad
558 4389 631 4442 illam
657 4406 672 4441 a
691 4389 901 4444 Melanchthone
920 4393 954 4446 ad
972 4393 1110 4444 Brentium
1132 4394 1158 4449 d.
1176 4397 1202 4448 4.
1222 4393 1282 4446 Oet.
1295 4393 1371 4450 1555.

241 4475 435 4544 Norimbergae
454 4476 594 4546 scriptam,
613 4492 682 4542 quac
701 4477 804 4546 legitur
820 4479 847 4528 in
867 4479 947 4548 Gorp.
966 4478 1025 4533 aer.
1044 4480 1115 4536 VIII.
1135 4497 1162 4548 p.
1175 4479 1226 4533 588
1244 4497 1287 4546 sq.

583 4661 779 4748 (Inscriptio
800 4666 920 4746 deest.)
