3102 5202
464 321 712 375 smmmrsrm
737 321 819 374 Arm
849 321 994 381 mercam.
1282 299 1344 372 illl

103 475 209 537 loelix
234 475 394 553 sapientia
416 477 487 538 sine
510 477 587 538 Deo.
631 478 733 549 Quare
767 477 880 540 Filium
902 477 980 549 Dei,
1014 480 1180 540 Dominum
1204 480 1344 537 nostrum

99 581 207 640 lesum
232 581 388 642 Christum
411 581 575 641 custodem
598 579 780 662 Ecclesiae,
811 581 865 658 qul
901 580 1017 659 inquit:
1052 580 1120 660 Ego
1154 599 1222 643 sum
1258 579 1344 652 vitis,
1407 631 1409 642 ,

100 700 158 743 vos
185 684 349 760 palmites,
374 700 429 745 oro
452 689 487 745 ut
508 683 590 744 hunc
606 684 799 763 Stephanum
823 690 927 746 servet
950 691 982 746 et
1004 687 1177 764 gubernea,
1194 691 1225 744 et
1248 681 1345 745 iaciat

99 804 173 848 eum
201 785 366 865 palmitem
389 790 556 850 salutarem
581 805 659 851 suae
684 789 808 850 animae
833 793 865 849 et
887 788 968 852 aliis.
1310 789 1312 792 ’

347 1266 551 1366 (ludiciwm
576 1268 628 1342 ed
654 1271 896 1362 spaletinam
920 1267 1104 1366 miseran.)

168 1420 192 1471 E
212 1420 310 1473 Codice
328 1419 383 1475 MS.
402 1421 586 1473 Bibliothecae
604 1421 854 1489 Wernigerotlanaa
877 1433 961 1492 supra
978 1438 1007 1490 p.
1018 1424 1079 1475 477.
1098 1438 1141 1475 no.
1155 1422 1215 1474 487.
1244 1438 1340 1474 reeen-

207 1509 271 1570 sito‚
287 1508 419 1562 t01.107·.
456 1510 618 1576 Inscriptum
637 1517 697 1562 est:
732 1511 887 1563 ladtctum.
926 1512 968 1563 lle
986 1522 1125 1576 capuam
1143 1509 1289 1576 quisptam
1305 1522 1342 1564 ee

208 1597 271 1646 atto
287 1597 373 1660 prius
390 1598 547 1662 prevident
564 1597 661 1660 ducit,
686 1597 761 1651 Phil.
781 1595 1018 1678 Melanchlaente
1041 1597 1187 1650 lacteam
1209 1599 1251 1650 ad
1267 1601 1342 1664 Spa·

206 1683 344 1738 latinum.

187 1856 221 1915 ln
246 1860 300 1916 hro
325 1871 400 1916 casu
424 1854 464 1916 de
488 1872 545 1940 ea„
559 1868 651 1933 quam
673 1856 807 1916 duxerat
829 1855 985 1933 quispiam
1008 1869 1049 1916 ex
1071 1853 1136 1916 alio
1160 1852 1249 1929 prius
1271 1870 1341 1932 gra·

102 1958 210 2020 vidam
235 1957 456 2022 Iurisconsulti
479 1959 667 2036 simpliciter
691 1959 804 2025 iubent
825 1958 909 2022 hune
931 1959 1070 2022 retinere
1096 1973 1176 2030 eam,
1208 1957 1264 2034 qui
1285 1975 1339 2035 pu⁴

99 2059 185 2122 hlice
207 2060 308 2122 duxit.
353 2059 392 2120 Et
414 2061 494 2123 mihi
518 2064 623 2140 placet
659 2059 856 2138 publicorum
879 2059 1075 2141 sponsalium
1096 2060 1189 2120 fidem
1213 2075 1339 2121 conser-

101 2165 181 2224 vari.
216 2163 327 2240 ltaque
349 2166 376 2226 si
398 2150 508 2240 polest
531 2164 717 2242 persuaderi
742 2165 814 2237 istc,
837 2170 872 2225 ut
895 2165 1041 2236 retineat,
1065 2163 1177 2225 feretis
1200 2163 1233 2225 id
1256 2163 1340 2240 quod

99 2267 222 2328 malunt
244 2265 472 2332 luriscohsulti.
507 2268 562 2330 Sin
587 2267 644 2330 ille
666 2268 754 2328 volet
777 2265 912 2340 liberari,
936 2268 1095 2346 supplicet
1105 2265 1248 2342 Principi.
1271 2265 1338 2344 Ego

100 2371 229 2446 privata
251 2369 424 2433 autoritate
447 2369 524 2431 nihil
546 2377 688 2431 statuam.
731 2370 820 2430 Vale.
