3072 5208
466 315 712 371 saranescum
731 314 814 372 anm
839 315 913 371 raso.
1241 293 1309 382 m

91 476 240 550 praecepit
280 474 544 553 gubernatoribus
575 471 804 543 Ecclesiarmn,
838 478 872 530 ut
910 472 942 532 in
974 472 1056 546 ‘Pyro
1092 470 1307 544 cormeriirent.

14 627 15 630 ,
90 577 147 638 Etsi
168 576 267 653 aliqui
290 593 329 638 eo
352 576 414 640 viri
439 576 529 648 boui,
555 581 588 634 et
609 575 711 637 Deum
742 578 828 632 recte
850 574 995 634 colentes
1024 579 1244 644 accesserunt,
1273 579 1308 646 tit

89 680 223 740 Potamon
252 687 385 755 martyr,
419 687 523 742 iernen
555 679 663 753 plures
692 676 847 753 Episcopi
882 676 1086 745 colludebant
1120 694 1189 739 cum
1221 676 1308 750 Apio.

89 785 152 842 Gum
171 782 269 860 igitur
294 781 486 844 Athanasius
509 780 634 844 videret
657 795 693 842 se
718 777 896 850 babituram
920 794 994 840 esse
1017 776 1147 854 aliquos
1171 778 1305 853 iudicas,

87 892 169 945 noctu
197 885 361 948 discessit:
401 899 534 960 cumque
564 883 605 944 ad
636 884 878 958 traperatorem,
908 881 963 956 qui
996 899 1058 947 nou
1088 881 1198 957 procul
1227 887 1306 953 etat,

87 988 233 1058 venisset,
257 1005 363 1049 coram
386 989 597 1064 Imperatore,
621 1001 799 1061 quanquam
823 984 920 1054 irato,
945 999 980 1044 se
1006 984 1180 1056 enorisavit,

157 1091 280 1159 Deinde
302 1089 506 1156 tlorrstautius
519 1087 541 1170 ¹)
566 1088 721 1164 synodum
740 1084 933 1153 Antiochiae
957 1086 1063 1163 coegit
1086 1084 1313 1162 trausterrtissi«

86 1190 196 1276 marni).
228 1194 278 1253 Ad
301 1193 382 1254 banc
405 1191 507 1256 noluit
530 1187 723 1272 accedero³i
748 1187 902 1256 Maximus
923 1187 1214 1263 Hierosolymorum
1239 1189 1306 1266 epi·

13 1353 14 1358 ,
86 1311 203 1372 scopus,
243 1312 312 1356 cum
344 1293 471 1369 quidem
508 1293 572 1355 loci
604 1292 755 1353 vicinitas
786 1308 857 1351 eum
894 1289 1029 1351 invitare
1067 1298 1187 1367 posset.
1244 1291 1307 1362 ssu

13 1421 15 1448 ι
85 1396 196 1480 norat⁴i
227 1416 291 1474 quo
323 1395 712 1473 colummanus-tanniu
742 1394 978 1472 propendebat,
1012 1395 1063 1456 vel
1093 1395 1201 1471 potius
1231 1395 1307 1470 quid

86 1503 325 1563 nraobinareutm·
353 1500 402 1561 illi
434 1501 643 1576 impostores,
671 1500 726 1575 qui
757 1498 901 1567 mirificis
932 1498 1059 1560 technis
1092 1497 1307 1574 depravabant

86 1602 275 1679 imperatoris
298 1604 443 1664 animum.

157 1705 271 1767 Postea
294 1723 364 1766 curn
386 1705 539 1768 Photinus
568 1704 756 1766 horribilem
783 1704 948 1771 tumultum
979 1704 1010 1769 iu
1036 1702 1199 1778 Pannonia
1221 1704 1305 1774 asai-

84 1815 181 1878 tasset,
198 1825 356 1870 rennuens
371 1813 515 1870 veterem
527 1806 659 1872 Ebionis
674 1807 918 1882 blasphemiam,
941 1825 978 1866 ac
996 1821 1117 1883 rtegaus
1131 1805 1163 1866 in
1179 1806 1305 1874 Christo

85 1911 152 1970 duas
173 1926 246 1971 esse
271 1917 415 1980 naturas,
439 1910 629 1983 Imperator,
654 1915 687 1969 ut
711 1909 743 1970 in
768 1925 802 1968 re
826 1926 950 1986 uiaque,
975 1908 1129 1985 synodum
1152 1915 1307 1980 convocat

84 2013 232 2088 Sirmium.
285 2014 333 2076 Ad
361 2015 443 2078 banc
473 2013 655 2089 magnitudo
686 2013 808 2090 nogotii
848 2011 984 2076 invitare
1014 2011 1150 2086 debebat
1184 2029 1305 2086 omues,

83 2116 257 2188 praesertim
288 2117 342 2193 qui
371 2135 433 2178 non
464 2118 559 2193 louge
591 2119 728 2184 aberant,
783 2114 879 2184 Venit
907 2121 1012 2182 autem
1043 2131 1082 2176 eo
1109 2133 1223 2194 inagna
1245 2119 1304 2187 lra-

85 2220 200 2292 quentia
226 2221 430 2290 Arianormn,
461 2236 543 2296 quae
573 2237 644 2283 cum
674 2225 827 2293 suspecta
857 2224 945 2281 asset
976 2218 1040 2294 piis
1070 2218 1240 2296 Episcopis
1272 2220 1304 2294 ip

85 2321 253 2394 occidente,
291 2323 420 2399 plurimi
451 2340 490 2385 eo
521 2323 675 2392 accedere
704 2323 881 2394 noluerunt
939 2321 985 2382 Ex
1014 2322 1198 2398 praecipuis
1227 2339 1304 2396 vain

83 2426 157 2485 veuit
180 2443 219 2486 eo
234 2427 394 2504 Hispanus
418 2428 579 2504 quispiam
589 2423 629 2504 “),
654 2427 748 2488 Osius
765 2425 981 2490 Cordubensis
1002 2423 1187 2502 episcopus,
1211 2442 1304 2502 quem

83 2525 241 2599 Imperator
264 2535 395 2605 propter
415 2527 552 2590 nominis
567 2529 787 2598 celebritatem
801 2527 1008 2604 peculiariter
1024 2532 1180 2596 evocarat.
1215 2529 1303 2593 Cum-

84 2644 135 2701 que
156 2631 199 2690 ibi
222 2637 327 2696 astute
350 2632 556 2708 depravatum
580 2637 668 2693 esset
692 2631 844 2693 Nicenum
870 2630 1064 2706 symbolum,
1088 2630 1183 2708 Osiris
1206 2631 1302 2706 arabi·

81 2731 220 2804 miuron
244 2733 353 2805 verbi,
377 2735 461 2811 quod
484 2736 638 2796 insertum
662 2741 740 2806 erat,
765 2735 862 2800 stulta
885 2733 1040 2810 opinione
1062 2734 1303 2814 tranquillitatis

82 2835 263 2909 approbavit.

152 2940 265 3002 Postea
293 2958 363 3002 earm
393 2941 464 3004 aius
494 2940 698 3002 autoritatem
729 2940 884 3005 baeretici
908 2941 1103 3020 allegarent,
1138 2940 1303 3014 Ecclesiae

82 3038 106 3098 in
127 3043 229 3104 multis
254 3043 441 3122 regionibus
460 3047 665 3122 perturbatae
676 3044 703 3124 ¹)
727 3052 808 3106 sunt.
843 3045 919 3105 ideo
935 3043 1077 3109 Hilarius
1093 3060 1209 3122 aspere
1226 3062 1302 3122 que-

82 3140 146 3202 n'tur
172 3145 211 3205 de
234 3145 331 3216 Osio,
363 3127 460 3222 eique
491 3165 553 3206 non
584 3147 685 3208 solum
716 3146 976 3224 imprudentiam,
1008 3147 1066 3211 sed
1097 3147 1194 3224 etiayn
1224 3148 1298 3222 levi

81 3247 163 3306 tatem
184 3248 303 3310 tribuit.
355 3247 458 3320 Quare
487 3249 585 3322 multo
616 3247 719 3310 satius
750 3248 883 3318 luisset,
918 3247 1026 3320 [isium
1050 3266 1112 3310 non
1135 3248 1247 3322 venire
1270 3251 1302 3317 iu

80 3349 228 3420 synodmn.

152 3451 288 3527 Gyrillus
312 3452 486 3529 episeopus
511 3449 822 3530 Hierosolymorum,
854 3452 908 3541 qui
940 3452 1083 3520 defendit
1113 3445 1304 3536 ὁμοοόσιργ,

80 3555 106 3607 et
126 3567 190 3614 cum
205 3552 361 3630 Gregorio
377 3554 576 3627 Nazianzeuo
600 3556 726 3618 tandem
750 3554 969 3634 corrsensit⁸)‚
997 3554 1171 3632 aliquoties
1186 3558 1302 3623 citatus

79 3650 258 3728 aSynodis,
288 3675 350 3718 non
380 3659 518 3720 accessit
547 3660 588 3722 ad
619 3676 693 3730 eas,
723 3676 761 3722 ac
789 3659 908 3738 primus
937 3657 1053 3733 dicitur
1081 3677 1159 3733 usus
1182 3660 1302 3738 scripta

79 3758 293 3830 appellatione.

79 3907 270 3936 Ἣ

152 3995 177 4060 1)
202 3995 392 4066 Constantius]
413 3999 451 4050 sic
471 4006 544 4049 recle
564 3999 713 4056 Seclrerrd.;
735 3999 844 4064 Sylloge
864 4006 891 4050 et
911 4001 981 4067 tlpp.
1003 3999 1079 4052 mem
1109 4002 1301 4056 Gorrstantinus

155 4081 182 4144 2)
207 4082 480 4152 frequentissimam]
501 4085 571 4154 Opp.
590 4085 652 4137 niet.
672 4093 729 4152 typ.
750 4101 856 4142 errore:
876 4085 1137 4156 frequentissimum.

154 4166 181 4232 3)
206 4169 292 4222 uoluit
311 4169 454 4237 accedere]
477 4169 625 4222 sennenn:
644 4171 738 4224 venire
757 4171 843 4234 noluii

153 4253 180 4318 4)
205 4253 296 4321 norat]
318 4253 387 4324 Opp.
408 4255 485 4308 Mel:
506 4263 603 4308 norant

153 4337 179 4405 b)
204 4340 371 4408 Constantii]
391 4344 430 4393 sic
449 4348 523 4393 recta
544 4341 613 4410 epp.
634 4343 695 4392 Mel.
718 4350 744 4395 et
764 4343 912 4404 &cienda
933 4343 1057 4409 Sylloge:
1078 4344 1250 4400 Constantini

154 4422 180 4488 6)
205 4426 367 4493 quispiam]
387 4427 535 4479 Seckend.:
556 4428 674 4492 quidam,

155 4510 179 4573 7)
203 4512 394 4580 perturbatae]
413 4511 563 4565 Seniano:
583 4516 673 4580 magia
692 4516 868 4582 perturbatae

154 4593 179 4661 8)
204 4598 371 4665 consensit‚]
393 4599 463 4668 Opp.
482 4599 561 4651 liei:
582 4603 727 4666 consentit,
