3116 5212
183 382 248 458 bit
714 407 897 465 aureuma.

183 598 185 607 ·
280 567 331 628 lle
361 565 455 631 etiem
491 565 551 629 boc
582 564 612 624 in
638 564 709 626 istis
733 563 918 643 ingentibus
945 565 1083 632 miseriis
1107 570 1302 642 consoletur,
1340 569 1431 645 quod

179 669 277 738 nuria,
294 686 350 746 spe
384 687 488 746 opum,
519 677 572 733 eut
595 669 757 748 bonorum,
785 670 871 732 nullo
894 670 989 736 ullius
1013 671 1152 736 hominis
1185 675 1268 746 odio,
1302 679 1432 736 tautum

185 774 290 834 studio
315 773 451 833 irrendee
474 773 622 850 puritatis
648 771 832 852 Religionis
853 773 1063 848 Christianae,
1103 779 1187 853 quod
1225 795 1328 842 eoram
1352 779 1431 840 Deo

183 877 295 938 testari
320 893 462 955 possum,
484 877 583 936 hosce
607 878 732 937 labores
757 879 895 955 suscepi.
926 881 976 968 ‚hd
1001 882 1081 943 baec
1104 883 1184 944 nihil
1209 882 1337 953 innovo,
1360 898 1433 942 nec

184 975 364 1039 innovatum
389 979 493 1057 cupio,
517 979 598 1039 bunc
616 985 742 1050 statum,
767 995 860 1055 quem
886 1000 942 1042 vos
967 982 1031 1060 ipsi
1055 969 1278 1058 constituistis,
1303 991 1334 1046 et
1356 993 1431 1049 tam

183 1081 239 1140 diu
263 1080 464 1151 defendistis
489 1097 646 1158 paremque
669 1097 730 1158 ego
755 1082 841 1160 pium
866 1090 897 1144 et
921 1085 959 1146 ad
983 1067 1235 1150 aedificationem
1256 1088 1435 1150 Ecclesiae

185 1182 383 1258 aptissimum
408 1200 479 1243 esse
503 1181 618 1266 iudico,
642 1192 862 1248 conservatum
887 1189 986 1267 cupio.
1022 1191 1128 1252 Velim
1151 1166 1212 1252 non
1236 1193 1280 1254 ita
1302 1195 1435 1254 misere

176 1285 389 1346 scandalizari
411 1285 597 1357 Ecclesiam,
622 1305 684 1346 non
709 1287 882 1349 confirmari
914 1291 1008 1352 et'de
1032 1293 1123 1354 nobis
1147 1293 1340 1372 triumphare
1364 1297 1433 1356 im-

182 1389 265 1465 pios,
290 1407 349 1449 non
367 1389 514 1466 patefieri
536 1392 691 1452 fenestras
705 1391 844 1468 papatui,
869 1395 927 1454 sed
950 1414 1019 1456 cum
1044 1415 1099 1457 vos
1123 1399 1433 1460 summostioctores

181 1497 362 1554 constantes
387 1511 470 1565 esse,
493 1497 557 1554 lum
582 1499 612 1554 et
636 1496 717 1555 alios
741 1497 780 1556 etl
804 1499 1012 1560 constentiam
1029 1501 1323 1580 confessionemque
1346 1504 1432 1564 hor-

181 1593 240 1656 tari
272 1601 304 1657 et
333 1598 485 1672 ertimare,
510 1600 666 1660 consolari
691 1607 722 1660 et
746 1602 930 1661 confirmare
966 1605 1101 1665 miseros
1127 1605 1320 1668 Christianos
1356 1608 1432 1668 iam

182 1697 212 1760 in
237 1716 328 1761 cruce
353 1701 537 1777 pendentes.
582 1701 756 1784 llocpenim
780 1713 867 1764 esset
893 1723 967 1766 vere
991 1708 1046 1786 pie
1071 1709 1193 1769 seruire
1218 1708 1362 1786 tempori.

266 1840 400 1925 Sannina,
431 1846 589 1918 protestor
612 1859 715 1902 coram
739 1843 864 1904 Christo
888 1843 1034 1916 Domino,
1060 1863 1191 1922 earnque
1215 1847 1432 1924 protestatio-

180 1957 250 2001 nem
274 1943 350 2004 mihi
372 1943 401 2004 in
416 1952 558 2006 extremo
583 1961 708 2024 quaeque
733 1944 852 2008 iudicio
877 1949 984 2008 velere
999 1949 1082 2026 uolo,
1100 1967 1149 2010 me
1174 1951 1255 2011 nihil
1278 1955 1431 2026 praeter-

181 2043 318 2118 misisse,
357 2047 441 2122 quod
471 2049 509 2108 ad
533 2047 618 2124 piam
642 2048 841 2108 concordiam
865 2051 971 2110 tacere
995 2067 1090 2128 posse
1120 2050 1310 2117 existimavi.
1356 2054 1434 2114 Ad-

181 2151 289 2210 monui
315 2156 348 2209 et
371 2153 456 2212 orari
485 2160 517 2212 tc
549 2149 677 2228 saepius
702 2142 881 2225 seperatim,
905 2170 1005 2230 saepe
1028 2173 1178 2217 assensus
1202 2172 1247 2227 es,
1273 2162 1302 2215 et
1325 2157 1432 2232 polli-

181 2251 270 2324 citus,
304 2258 336 2313 te
367 2255 447 2316 nihil
483 2274 575 2332 porro
600 2259 739 2316 acturum
763 2255 795 2316 ia
821 2257 892 2317 istis
918 2237 1205 2329 conciliationibus,
1228 2259 1275 2318 'te
1311 2259 1431 2334 potius

179 2355 286 2432 aliquo
310 2358 530 2429 discessurum,
554 2375 612 2418 nec
635 2364 737 2418 temen
761 2360 799 2418 eb
824 2359 951 2434 incepto
976 2360 1142 2442 destitisti.
1185 2361 1286 2434 Quare
1306 2364 1430 2424 ⁴monui

179 2464 211 2518 te
236 2477 341 2522 coram
364 2461 483 2522 dirobus
507 2460 655 2522 iratribus
678 2478 734 2538 per
755 2459 933 2538 Epistolam
955 2465 994 2526 ad
1017 2465 1239 2535 Anhaldinum,
1273 2470 1303 2525 et
1326 2466 1426 2528 dein-

180 2579 255 2637 ceps
281 2563 375 2626 etiam
400 2584 504 2628 coram
529 2572 593 2626 tota
616 2564 761 2626 Ecclesia
785 2567 881 2628 editis
905 2558 1045 2646 scriptis,
1083 2570 1140 2629 sed
1165 2574 1257 2629 tecte.
1301 2567 1426 2630 Moneo

181 2667 275 2728 etiam
299 2667 372 2738 iarn,
406 2688 442 2730 ac
477 2688 535 2748 per
557 2676 642 2730 tuam
673 2677 703 2729 et
726 2668 891 2731 Ecclesiae
913 2674 1045 2734 salutem
1068 2677 1100 2732 te
1125 2675 1277 2740 obtestor,
1308 2679 1342 2732 ut
1378 2677 1426 2736 ab

183 2771 253 2832 istis
275 2771 383 2847 impiis
397 2775 514 2835 Christi
540 2778 570 2833 et
592 2773 691 2834 Belial
716 2773 991 2838 conciliationibus
1016 2778 1140 2838 tandem
1164 2777 1310 2846 desistas,
1327 2782 1427 2838 tuae-

179 2892 238 2949 que
276 2876 491 2938 conscientiae
531 2895 566 2938 ec
599 2878 694 2938 saluti
729 2885 760 2937 et
783 2877 915 2940 eliorum
940 2883 1125 2942 miserorum
1148 2877 1310 2940 hominum
1345 2898 1427 2941 con-

174 2960 276 3040 sulas,
407 2979 409 2984 ’

196 3062 198 3071 ¹
267 3083 332 3160 Ego
357 3085 449 3172 cupio
477 3104 545 3146 cum
570 3087 715 3147 orrrnibus
740 3086 927 3148 Christianis
962 3095 992 3148 et
1015 3089 1189 3166 praecipue
1213 3095 1315 3150 tecum
1338 3105 1430 3146 sum·

179 3183 258 3244 ruam
284 3175 539 3263 ¹coniunctionem
562 3192 688 3260 habere,
726 3192 783 3250 sed
818 3178 849 3251 in
875 3191 1012 3262 Christo,
1048 3193 1080 3251 id
1104 3199 1163 3262 est,
1185 3191 1232 3252 'ite
1255 3199 1287 3250 ut
1310 3195 1427 3250 nostra

174 3268 358 3350 ¹coniunctio
382 3293 420 3350 ed
444 3269 682 3362 northmannos,
707 3295 916 3354 consolandos
942 3301 973 3354 et
997 3293 1211 3355 aedificandos
1236 3297 1325 3372 pios,
1350 3293 1428 3354 lan·

177 3392 402 3466 guelaciendcs
424 3411 500 3455 uero
526 3402 557 3454 et
580 3396 788 3457 destruendos
813 3399 942 3473 impios,
959 3398 1074 3458 tendet.
1119 3399 1156 3459 Et
1179 3383 1426 3458 uthnticbristo

176 3492 352 3566 resistetur,
369 3515 429 3557 non
455 3499 485 3556 ei
507 3500 668 3559 fenestrae
690 3501 882 3560 fabricentur
906 3505 938 3560 et
962 3503 1156 3575 aperiantur.

226 3707 228 3716 y
264 3621 413 3696 hirsutis
447 3636 562 3696 furiosi
587 3643 658 3696 suut
693 3635 757 3713 ipsi
779 3638 926 3714 Papistae
960 3637 991 3697 in
1015 3639 1242 3699 introducenda
1266 3653 1324 3697 sua
1346 3638 1422 3697 abo·

173 3727 352 3798 'nrinmtone
376 3725 585 3802 desolationis
610 3739 641 3799 in
666 3741 817 3816 templum
843 3737 976 3810 Donnini,
1011 3740 1089 3800 nihil
1121 3748 1170 3816 est
1205 3755 1351 3810 neeesse,
1388 3745 1424 3800 te

179 3839 228 3898 eis
251 3839 407 3901 fenestras
431 3841 567 3920 aptarim,
592 3839 747 3902 obstruite
774 3841 821 3902 eis
844 3843 949 3918 potius
975 3860 1084 3903 ornnes
1097 3841 1213 3912 aditus,
1238 3843 1265 3902 si
1290 3841 1424 3916 quidem

178 3942 278 4004 rudtruc
301 3951 475 4004 nostrarum
499 3946 634 4022 partium
659 3961 705 4006 es.
763 3945 765 3952 ’

244 4080 327 4145 llaec
351 4079 417 4155 tibi,
439 4081 710 4158 DoctissirueVir,
727 4099 789 4158 ,pro
814 4084 937 4162 urgenti
960 4082 1068 4144 dolore
1092 4079 1275 4154 animiruei,
1299 4099 1424 4160 asper-

178 4186 369 4249 niciosarum
404 4186 534 4246 istarum
557 4187 714 4248 actionum
750 4186 836 4263 onio,
860 4189 1021 4262 aliquanto
1045 4185 1176 4260 liberius
1199 4185 1326 4262 scripsi.
1371 4185 1421 4246 Tu

180 4305 254 4352 uero
287 4306 399 4356 rerum.
424 4289 562 4366 ipsarum
586 4289 772 4362 ueritatem,
809 4290 937 4355 nrinime
966 4291 1135 4368 indulgens
1159 4287 1323 4352 affectibus
1348 4306 1423 4368 per·

180 4393 318 4472 pendito.
363 4395 440 4454 llam
462 4396 606 4468 prolecto
631 4409 690 4472 ego
720 4413 782 4454 non
807 4412 875 4456 suun
899 4403 971 4456 tuus
995 4393 1156 4464 inimicus,
1196 4394 1254 4454 sed
1287 4392 1421 4458 istartun

178 4498 381 4579 fenestrarum
404 4505 533 4568 tautum,
555 4499 651 4557 multo
676 4514 755 4558 vero,
776 4497 878 4560 atinus
911 4501 1057 4568 illabili,
1093 4513 1174 4573 quae
1211 4505 1244 4558 ta
1284 4497 1418 4566 erudite,

178 4600 290 4676 plcet
313 4602 436 4672 utiliter-
457 4599 623 4680 scripsisti.
646 4603 748 4663 lancos
763 4619 944 4664 corrrrnunes
968 4607 1030 4667 tam
1054 4600 1171 4671 nollem
1189 4602 1307 4678 perire,
1327 4617 1419 4679 quarn

180 4703 298 4764 nollem
322 4719 371 4773 me
396 4705 505 4778 ipsum,
523 4703 636 4779 irrisere
660 4703 780 4781 perire.
822 4709 926 4782 Atque
957 4705 1085 4777 utinam
1109 4703 1176 4779 tihi.
1205 4702 1270 4771 iam
1304 4705 1418 4785 liberet
