3072 5208
476 327 719 384 suernnucu‘ra
740 329 824 380 num
845 331 917 382 rece.
1212 411 1215 416 ¹
1247 311 1314 382 285

89 489 170 548 tione
193 487 286 550 nobis
309 487 436 548 dolores
459 485 624 548 leniamus.
677 484 780 555 Quare
808 489 930 562 gratum
959 483 1040 545 mibi
1069 484 1194 555 fecisti,
1230 485 1315 561 quod

89 594 214 669 copiose
238 593 278 651 de
304 597 409 652 vestra
430 589 578 656 Ecclesia
608 585 778 664 scripsisti.
831 587 975 648 Nondum
998 587 1031 648 in
1054 588 1106 649 bis
1128 587 1314 665 regionibus

86 697 146 756 ulla
166 696 251 756 lacta
273 700 323 754 est
346 691 378 753 in
402 691 558 753 Ecclesiis
581 688 713 750 mutatio
743 707 780 750 ac
810 704 905 767 spero
931 693 1015 768 (eas)
1037 697 1216 751 retenturas
1240 705 1314 752 esse

15 835 16 838 =
87 799 293 875 incorruptam
328 793 496 872 Evangelii
519 771 662 863 svccem,
699 799 730 852 et
765 810 858 854 usum
895 793 952 855 τοῦ
988 793 1118 856 δείπνου
1153 794 1314 876 κυριακοῦ,

87 903 185 977 qualis
215 903 370 962 hactenus
400 901 476 969 luit,
508 899 539 959 in
569 897 620 956 bis
650 895 843 974 regionibus.
896 895 1079 959 Deliberant
1102 905 1207 958 autem
1232 915 1313 958 nuno

86 1003 180 1066 vicini
208 1002 374 1080 Principes
402 1001 530 1062 Elector
559 1001 735 1062 Saronicus
766 1006 798 1059 et
828 999 968 1060 biarcbio
997 999 1037 1060 de
1060 1001 1256 1079 Adiapboris
1278 1009 1314 1062 ut

87 1115 240 1168 vocantur.
284 1105 333 1166 De
355 1101 408 1165 bis
433 1105 465 1164 in
488 1109 631 1165 neutram
654 1109 777 1179 partem
801 1101 895 1162 valde'
922 1103 1125 1179 pugnandum
1155 1119 1229 1164 esse
1259 1105 1313 1164 du-

86 1210 201 1282 cimus,
225 1211 288 1271 etsi
313 1225 374 1285 ego
398 1207 527 1282 uiridem
549 1207 712 1268 Ecclesias
735 1203 768 1265 in
791 1207 851 1265 bac
873 1204 1053 1275 moestitia,
1082 1223 1123 1267 ne
1147 1223 1314 1286 parvarum

86 1314 210 1389 quidem
237 1329 342 1374 rerum
371 1311 548 1372 mutatione
578 1312 706 1371 turbare
737 1307 881 1383 optarim.
932 1305 995 1368 Sed
1018 1323 1146 1388 semper
1168 1309 1314 1373 Ecclesia

85 1415 114 1476 in
143 1415 299 1478 servitute
328 1415 405 1484 luit,
440 1415 521 1474 alias
551 1392 680 1473 duriore
710 1413 792 1472 alias
822 1409 958 1472 mitiore.
1009 1413 1089 1474 lllud
1118 1414 1211 1476 rnodc
1240 1433 1312 1476 con·

86 1525 200 1581 stanter
235 1517 403 1580 iaciamus:
445 1516 708 1584 Fundamentum,
745 1515 778 1575 id
814 1521 878 1584 est,
901 1518 1117 1578 necessariam
1139 1518 1313 1580 doctrinam

85 1631 244 1684 teneamus
274 1627 307 1680 et
331 1636 440 1682 verum
468 1637 560 1682 usum
590 1619 872 1682 sacramentorum.
923 1619 957 1678 ln
988 1617 1063 1680 aliis
1087 1623 1198 1693 rebus,
1230 1640 1312 1697 quae

86 1732 152 1786 sunt
175 1725 388 1802 adiaphoros,
411 1721 598 1784 servitutem
623 1721 787 1799 sapienter
809 1723 965 1804 ieramus,
987 1724 1070 1784 sicut
1093 1731 1125 1785 et
1143 1725 1312 1789 israelitae

86 1827 181 1890 exilia
204 1829 358 1896 tulerunt,
383 1833 414 1886 et
438 1824 544 1886 varias
567 1826 798 1886 conversiones
821 1826 872 1886 sui
895 1824 1013 1903 Regni,
1037 1843 1119 1901 quae
1143 1829 1239 1891 etiarn
1261 1831 1313 1890 ad-

87 1930 228 1992 dixerunt
250 1927 438 1992 Ecclesiam.
493 1931 555 1990 Oro
579 1935 684 1989 autem
706 1929 826 1998 Deum,
856 1935 1019 1989 aeternum
1041 1929 1164 1994 Patrem
1185 1934 1314 1996 Domini

87 2034 183 2094 nostri
212 2036 285 2096 iesu
309 2030 445 2101 Christi,
474 2038 507 2090 ut
537 2037 668 2108 propter
696 2030 813 2092 Filium
843 2039 951 2092 servet
981 2033 1110 2108 aliquos
1139 2043 1250 2098 coetus
1279 2037 1312 2098 in

88 2138 195 2211 quibus
224 2138 330 2198 luceat
361 2151 436 2198 vera
463 2133 634 2196 invocatio.
692 2135 753 2194 Oro
784 2133 897 2205 etiam,
925 2142 962 2195 ut
989 2135 1084 2198 Viros
1114 2146 1313 2215 praestantes

88 2239 271 2310 Nobilitate,
297 2237 437 2316 ingeniis
461 2245 494 2297 et
517 2239 634 2298 virtute
658 2237 799 2301 Comites
824 2237 1043 2316 Erpachenses
1067 2251 1182 2304 servet.
1228 2244 1315 2304 Bene

88 2343 166 2400 vale.
207 2339 340 2417 Lipsiae
363 2339 416 2400 die
439 2338 589 2400 lobannis
613 2340 839 2418 Evangelistae
866 2343 955 2402 tata.

784 2443 952 2522 Philippus
976 2445 1185 2509 Melancbton.

597 2595 800 2608 Q

91 2701 153 2780 aaa.
187 2716 365 2778 vomant
411 2717 722 2802 (v01.vrr.p.aeo.)
831 2682 833 2691 ’
1143 2727 1314 2840 Q

193 2803 364 2831 M

502 2873 693 2946 loucbimo
718 2879 886 2950 Mollero.

151 3011 367 3064 Melanchthonis
387 3009 508 3062 Consilia
528 3009 635 3076 (latina)
655 3009 768 3060 collecta
792 3018 819 3061 et
839 3013 913 3063 edita
931 3015 1022 3067 studio
1042 3023 1068 3068 et
1087 3003 1311 3084 opcra'Cbristoss

181 3100 263 3164 pheri
281 3097 393 3148 Pecolii.
412 3095 568 3162 (Neustadii
587 3097 663 3148 1600.
681 3093 736 3159 8⁰.)
754 3095 783 3151 P.
798 3098 833 3153 ΙΙ.
851 3115 880 3166 p.
893 3100 935 3151 tt.

144 3232 198 3294 De
226 3231 521 3296 consultationibus
548 3244 696 3316 tempore
725 3230 881 3309 Interim,
906 3237 952 3296 ad
973 3235 1018 3302 D.
1045 3237 1250 3306 [pachimum

477 3333 674 3408 Mallorum,
697 3333 802 3398 Ammo
830 3341 918 3400 1548.

164 3475 197 3535 ln
220 3472 376 3535 Ecclesiis
400 3475 535 3544 nostris,
557 3473 620 3535 Dei
642 3472 819 3544 beneficio,
842 3477 977 3536 nondum
1000 3479 1066 3540 ulla
1080 3483 1213 3544 mutatio
1231 3485 1313 3547 lacta

91 3583 140 3635 est.
184 3579 251 3637 Nec
273 3575 439 3652 quisquam
468 3575 624 3647 assensit,
654 3584 690 3637 ut
712 3577 835 3653 aliquid
865 3578 1055 3656 recipiatur,
1087 3587 1171 3659 qtrod
1196 3595 1315 3665 pugnet

91 3693 149 3738 curn
178 3679 364 3757 Evangelio.
415 3679 527 3740 Putant
558 3681 702 3755 quidam,
739 3697 836 3757 posse
867 3683 999 3743 retineri
1029 3701 1155 3761 pacem,
1193 3689 1221 3750 si
1253 3707 1316 3766 qua

91 3778 273 3859 adiaphora,
296 3788 331 3840 ut
354 3779 508 3852 vestitus,
537 3789 591 3842 aut
613 3781 765 3843 feriarum
789 3791 820 3842 et
843 3786 1032 3847 concionum
1055 3788 1132 3848 ordo
1156 3790 1312 3869 recipian-

92 3887 140 3942 tur.
172 3885 219 3944 De
241 3883 294 3944 his
317 3902 379 3945 uon
404 3883 614 3962 pugnavimus
638 3903 783 3961 unquam.
823 3885 885 3947 Sed
909 3889 1086 3950 adversarii
1110 3896 1315 3968 postulabunt

93 3983 177 4062 longe
205 3986 286 4056 alia,
317 3979 413 4060 edric
448 3978 650 4069 cicomacum
679 3983 764 4060 ἔλεξε
793 3992 867 4074 περὶ
895 3992 1100 4073 λειτουργίας.
1156 3997 1315 4060 Canonem

94 4085 260 4165 principale
290 4097 440 4166 punctum
472 4107 563 4162 esse,
599 4092 683 4167 quod
713 4093 863 4168 postulet.
920 4094 953 4153 ln
987 4095 1150 4157 Conventa
1184 4100 1314 4176 Lipsico

94 4186 238 4251 Nobilitas
261 4191 343 4252 dixit
366 4192 437 4267 pias
461 4199 492 4252 et
516 4209 629 4270 graves
653 4195 848 4274 sententiae,
870 4187 948 4257 cilici
976 4193 1010 4258 οἱ
1032 4193 1066 4259 ὃν
1087 4193 1165 4286 cdip
1186 4207 1314 4282 νομικοὶ

93 4288 272 4374 προςέμιξάν
300 4316 371 4355 τινα
399 4298 603 4377 σοφίσματα,
632 4312 714 4372 qttae
743 4313 794 4357 res
825 4298 982 4372 quomodo
1013 4306 1082 4360 acta
1111 4301 1171 4374 sit,
1200 4305 1249 4378 id,
1280 4315 1314 4368 ut

95 4393 271 4457 Aristoteles
295 4396 441 4468 dicebat,
466 4387 523 4462 oda
545 4397 632 4463 tera
653 4396 858 4462 ἐπιστολικὸν
878 4395 1030 4482 διήγημα,
1060 4404 1117 4464 sed
1144 4413 1179 4466 ut
1208 4425 1314 4485 sporo,

96 4487 128 4552 od
149 4495 272 4578 ταράξει
294 4496 347 4575 τὴν
369 4497 544 4578 ἐκκλησίαν.
579 4501 657 4562 Heri
679 4503 835 4563 aBucero
859 4501 969 4564 literas
993 4504 1122 4582 accepi,
1146 4525 1228 4584 quae
1243 4529 1313 4573 uar-

97 4603 171 4668 rant,
198 4603 331 4663 nondum
356 4606 467 4664 factam
500 4621 574 4666 esse
597 4605 804 4667 mutationem
836 4607 1000 4667 Ecclesiae
1023 4609 1314 4686 Argentoratensis
