3120 5206
190 288 236 361 at
583 301 827 358 surtrunnnurn
847 301 929 354 rum
957 303 1032 356 roro.

191 463 312 542 brumen
332 464 388 528 nab
412 463 631 540 baottlrbtogur,
654 458 753 524 bonit
776 461 825 524 tuh
845 469 901 524 ros
921 461 952 524 tr
974 460 1128 539 uldrbtrrp
1149 461 1276 534 berldbm
1292 462 1371 524 ulter
1392 463 1431 524 bb
1550 523 1551 536 ,

191 565 403 640 heroldinam
429 567 497 644 rtrbt
526 565 677 644 berneium
706 567 761 628 turb
790 581 822 644 pr
853 564 965 642 obbrrrt
987 565 1066 637 ualet
1088 561 1221 626 nauseo
1242 565 1352 641 pentat
1374 567 1431 628 nub

191 671 488 749 »narrentanorum
519 685 626 747 tropen,
653 669 709 730 urb
739 675 795 730 nra
827 667 877 740 tlte
906 668 985 738 nutet
1006 666 1058 731 nu
1080 668 1149 735 otor
1171 667 1328 746 oblotopm.
1370 665 1433 730 iles

191 775 284 837 orben
305 773 354 834 uit
375 781 429 836 nna
451 773 564 851 prohibt
587 788 619 850 pr
647 769 727 834 (burt
747 768 856 833 nstrum
879 771 1015 844 uertebar,
1038 771 1095 834 unt
1119 771 1253 844 heuntthb
1276 771 1433 832 orentius
1551 815 1552 862 3

191 893 224 955 fir
246 877 391 939 berbicum.
442 875 534 938 beben
561 876 657 948 natta
685 875 788 949 rotun
817 873 914 938 aroer
945 871 1105 948 biduom
1130 873 1193 949 norb
1223 874 1286 936 terr
1306 873 1433 951 &er
1551 901 1552 904 ¹

192 977 317 1051 &rbitris
337 979 419 1044 liano
441 975 613 1042 eontulit.
636 978 673 1038 D.
697 977 788 1038 XXV.

1023 1058 1082 1124 Det
1105 1060 1178 1140 birth

1127 1164 1158 1226 pr
1176 1145 1297 1228 arhor.

657 1327 804 1424 nhhtt
835 1329 968 1426 that.

196 1477 243 1536 35.
301 1478 354 1533 No.
380 1474 471 1536 381⁵.
517 1471 594 1556 (Vol.
611 1476 633 1532 l.
656 1495 684 1550 p.
702 1470 789 1554 196.)
1270 1471 1320 1530 21.
1343 1475 1438 1577 Motu

296 1559 468 1588 Μ
1263 1556 1426 1584 Μ

398 1635 449 1705 Io.
479 1629 789 1722 Oeoolampadius
814 1627 866 1699 ad
890 1625 1232 1702 Melauobtlronem·

262 1747 334 1798 llaec
354 1747 470 1814 epistola
490 1743 695 1812 Oarolampadii
720 1746 754 1796 ad
773 1741 1012 1794 blolanohthonem
1038 1743 1112 1795 edita
1138 1751 1180 1796 est
1197 1744 1226 1796 ln
1245 1745 1329 1797 horos
1348 1747 1452 1799 libror.
1510 1813 1515 1819 ἰ

296 1831 351 1883 DD.
366 1833 477 1885 loannis
491 1831 696 1900 Oeoolampadli
710 1837 737 1881 et
752 1827 893 1881 Huldriohl
908 1828 1024 1894 Zninglii
1038 1828 1216 1896 epistolsium
1231 1829 1293 1882 libri
1309 1837 1438 1895 quatuor,

299 1925 351 1970 eto.
375 1914 520 1982 (Brtsilsae¹
536 1918 612 1970 raab.
635 1917 706 1985 l'ol.)
730 1914 790 1971 Lib.
810 1915 858 1966 lll.
883 1913 930 1968 lol.
947 1912 1128 1966 trabs-1161.
1406 1989 1409 1994 Ι

194 2019 636 2102 Ioannesfleeolampodr‘us
664 2022 853 2083 olorissimo
881 2023 955 2079 ur'ro
983 2015 1145 2103 Psrrrppo
1174 2017 1440 2094 Maenalium,
1554 2007 1555 2018 ἵ

707 2118 828 2197 fratri
848 2139 917 2181 suo.

282 2226 390 2288 Gratia
412 2225 531 2287 Christi
560 2233 681 2295 tecum,
719 2224 867 2300 Philippa
898 2224 930 2284 in
961 2222 1088 2284 Christo
1120 2231 1276 2301 perpetuo
1308 2223 1439 2286 dilecte.

195 2327 271 2390 Utar
294 2329 394 2390 adhue
419 2330 488 2390 inre
509 2329 629 2389 veteris
653 2327 832 2408 amicitiae,
858 2326 953 2387 etiarn
973 2326 1154 2404 peripsema
1167 2327 1291 2402 mundi,
1316 2336 1440 2412 tuoque
1555 2333 1556 2372 l

196 2431 331 2492 candore
354 2438 463 2492 sanate
493 2432 593 2502 fruar,
627 2431 705 2509 citra
734 2428 945 2504 praelationis
977 2435 1160 2504 apparatum
1192 2428 1251 2490 tibi
1281 2429 1438 2494 scribens.

111 2559 114 2567 ¹
196 2534 243 2594 lta
265 2549 301 2592 se
323 2533 441 2594 habent
463 2550 515 2594 res
539 2538 675 2594 nostrae.
719 2531 852 2592 blundus
877 2531 962 2608 quod
985 2531 1087 2600 solet,
1111 2531 1195 2608 agit:
1225 2538 1258 2591 et
1281 2531 1439 2604 ChristuS,

197 2653 288 2712 qnam
318 2655 378 2697 nos
401 2637 592 2698 arbitrantur
614 2635 740 2710 quidam
770 2650 922 2712 negasse,
959 2651 1017 2697 suo
1049 2633 1190 2711 fungitur
1219 2636 1345 2706 officio,
1374 2638 1440 2698 hoe

197 2740 299 2816 magis
322 2739 468 2815 erigens,
493 2755 556 2813 qno
580 2735 775 2798 deiectiones
799 2743 952 2813 putamur.
988 2735 1067 2797 llino
1088 2738 1139 2806 dt,
1162 2743 1197 2796 ut
1216 2753 1285 2797 oum
1303 2739 1442 2800 aliorum

199 2841 335 2901 insultus
367 2855 471 2915 aequo
501 2841 638 2900 feramus
668 2839 790 2908 animo,
823 2839 1008 2900 nostratium
1040 2839 1340 2911 etiammolestias,
1376 2859 1441 2918 qua

199 2944 292 3003 decet
316 2941 513 3019 excipiamus
537 2944 712 3004 suavitate:
744 2949 813 3003 utut
844 2941 970 3003 interim
1001 2941 1160 3004 furibundi
1184 2945 1371 3014 habeamur,
1402 2962 1442 3005 ao

200 3065 284 3108 novo
308 3049 404 3109 verbo
428 3045 661 3114 Sohtrerrneri.t
691 3044 754 3108 Sed
777 3047 852 3109 vide
876 3053 908 3106 tu
932 3062 972 3106 ex
996 3046 1106 3130 paucis
1139 3047 1205 3106 illis
1232 3063 1313 3122 quiae
1339 3047 1441 3108 subii·

199 3150 316 3221 rimus,
348 3157 381 3210 et
404 3150 432 3210 si
456 3148 583 3224 quidam
612 3155 699 3211 tant-a
727 3151 857 3213 libertas
882 3148 955 3212 istic
980 3156 1047 3219 ost,
1077 3150 1210 3212 ostende
1235 3151 1300 3210 illis
1325 3151 1440 3226 prima—

199 3252 301 3322 tibus,
331 3269 404 3312 ruun
434 3257 579 3313 motaea
600 3252 740 3328 pietate,
778 3247 875 3326 quar(
893 3251 924 3312 in
956 3252 1135 3320 Christum,
1163 3249 1287 3312 ¹mentis
1319 3250 1440 3315 itrdirin

200 3356 272 3416 sint.
319 3353 534 3415 Gloriabimur·
552 3361 657 3416 autem
681 3355 713 3414 in
734 3355 889 3424 Domino,
926 3360 959 3413 ut
982 3352 1101 3414 eximie
1126 3354 1312 3428 quibusdam
1337 3358 1440 3437 stulti,

200 3457 408 3520 nihilominus
438 3464 541 3518 tamen
556 3463 600 3516 et
622 3457 846 3534 gloriabimur,
880 3462 1010 3518 atvero
1039 3457 1072 3518 in
1101 3457 1244 3520 Christo:
1279 3455 1439 3522 Christum

199 3563 301 3622 tilium
322 3561 385 3624 Dal
408 3567 442 3620 et
463 3559 582 3622 Mariae
604 3577 750 3636 passum,
774 3569 804 3621 et
825 3560 992 3644 amortuis
1016 3559 1209 3630 redivivum,
1232 3561 1330 3636 idque
1344 3563 1444 3624 nobis·

201 3665 234 3726 in
256 3665 429 3726 novitatem
453 3664 540 3724 vitae
563 3665 720 3724 eredimus
744 3671 778 3722 et
808 3664 1007 3723 eonfitemur:
1030 3671 1233 3738 opponentes
1258 3682 1316 3726 nos
1337 3667 1439 3726 ornni-

200 3769 270 3842 bus‚
289 3778 371 3841 quae
387 3765 436 3828 illi
452 3765 606 3826 eminenti
622 3760 815 3844 cognitioni,
839 3764 966 3825 etiamsi
985 3764 1169 3840 quibusdam
1191 3766 1319 3828 verbum
1336 3769 1440 3828 cruris

201 3871 260 3940 sit,
289 3867 518 3945 praeiudicant.
576 3869 622 3928 Ab
652 3870 712 3928 han
741 3875 832 3944 petra
863 3868 942 3928 certi
972 3883 1097 3938 snmus,
1128 3869 1214 3944 qnod
1244 3871 1350 3930 nullus
1380 3889 1440 3932 nos
1509 3921 1513 3934 .

200 3973 292 4033 turbo
309 3971 544 4032 deturbatums
574 3971 625 4030 sit.
677 3971 822 4033 Viderint
852 3972 907 4046 qui
936 3989 995 4032 nos
1024 3978 1145 4032 temere
1174 3973 1335 4042 damnant,
1375 3991 1437 4050 qno

200 4073 326 4134 tandem
348 4071 441 4140 turon,
457 4086 566 4132 eorum
591 4072 896 4148 tpsos‘deduoturus
920 4074 971 4133 sit.
1028 4073 1095 4134 Non
1119 4073 1236 4134 hahent
1258 4087 1365 4148 quare·
1379 4095 1438 4138 uos

202 4180 468 4236 sacramentorum
498 4175 611 4236 hostes
631 4181 763 4244 vorent,
794 4177 845 4236 uel
876 4174 1153 4238 sacramentarios.
1205 4177 1437 4240 Elementorum

200 4294 310 4348 usum,
334 4283 531 4351 quatenus'a
554 4277 919 4342 Christo‘eommendata
942 4286 1031 4348 sunt,
1055 4297 1118 4342 noo
1137 4279 1309 4340 reiieimus.
1346 4281 1438 4342 Absit

202 4385 324 4449 autern,
348 4385 382 4438 nt
401 4380 533 4444 abillis
555 4381 609 4442 sie
627 4380 838 4457 pendeamus,
861 4398 902 4444 ne
925 4383 1007 4446 ultra
1029 4396 1291 4458 promoveamus,
1321 4389 1438 4444 menta-

201 4479 287 4546 libus
311 4478 414 4555 ooulis
436 4481 610 4553 beneficia,
633 4501 672 4544 oo
695 4483 946 4560 promissionum
969 4483 1123 4548 alimenta
1145 4503 1208 4546 non
1234 4492 1436 4558 contuentes,

204 4591 236 4644 st
258 4587 297 4645 ab
323 4581 503 4646 visibilibus
527 4585 568 4646 ad
590 4585 770 4648 inuisibilia
801 4605 861 4648 non
893 4595 1080 4664 pergentes,
1112 4591 1152 4648 ob
1182 4589 1266 4662 qaod
1296 4588 1346 4650 sio
1377 4607 1433 4652 uos
