3072 5208
461 305 707 360 surranurnm
727 307 809 360 1111
833 309 909 362 raro.
1236 293 1300 364 221

176 465 199 514 in
225 463 330 514 simleri
361 462 525 516 collectione
558 461 600 527 (S.
624 461 692 514 Mac.
716 462 773 527 57.)
808 469 980 528 asservatur,
1013 466 1089 516 cuins
1123 467 1302 534 apographon

178 553 328 617 Voepels'no
349 550 446 601 debeo.

550 631 829 720 (Fragmentum.)

160 737 200 798 lta
223 746 326 798 antem
348 738 516 815 Philippus
547 739 673 798 adme:
709 782 728 806 ,‚
739 735 885 813 Tigurini
916 753 973 797 nec
1004 739 1177 816 prudenter
1210 737 1300 799 insti-

90 848 221 911 „tnemnt
244 841 414 918 scriptum,
445 857 503 900 155
534 839 698 900 moderate
721 839 971 916 responderunt,
1005 848 1035 899 et
1064 839 1235 902 inferciunt
1258 842 1302 901 15-

88 961 169 1011 ,,5111
190 943 374 1012 absurdum,
404 959 422 1002 a
447 960 509 1018 quo
540 940 678 1003 oninium
712 960 841 1018 prorsus
865 947 988 1002 mentes
1012 945 1191 1002 abhorrent.
1243 943 1302 1014 Qui

89 1042 268 1114 „Ecclesiam
287 1045 349 1106 Dei
374 1052 521 1106 extruunt
544 1043 577 1104 in
603 1061 642 1104 eo
667 1051 777 1114 coetu,
802 1043 857 1120 qui
881 1046 1000 1106 nullum
1024 1047 1135 1107 habuit
1159 1045 1302 1107 ministe-

88 1147 179 1217 „rium
200 1146 385 1224 Evangelii,
408 1148 526 1208 nullam
550 1146 697 1208 notitiam
720 1149 944 1224 promissionis
978 1145 1124 1220 divinae,
1162 1149 1300 1218 Numam,

87 1249 267 1320 „Aristidem
294 1258 325 1311 et
348 1248 473 1312 similes
498 1252 606 1310 volunt
637 1265 709 1311 esse
734 1254 871 1311 rnernbra
901 1249 1068 1312 Ecclesiae
1099 1252 1169 1313 Dei.
1216 1251 1301 1314 Hanc

88 1353 316 1422 „conlusionem
346 1371 475 1430 prorsus
507 1351 670 1430 improbo,
701 1360 733 1414 et
762 1351 935 1429 improbari
958 1372 976 1414 a
1000 1355 1044 1413 Tc
1076 1362 1106 1413 et
1137 1356 1211 1415 aliis
1237 1355 1301 1434 piis

10 1475 12 1528 ὲ,
88 1455 241 1526 „omnibus
272 1456 433 1524 existimo,
491 1455 612 1514 Vellem
643 1472 700 1517 eas
731 1458 811 1516 lraec
841 1459 975 1532 parerga
1006 1455 1175 1527 omisisse,
1208 1457 1301 1518 immo

88 1559 230 1636 „optarim
269 1575 325 1620 ens
362 1577 492 1635 prorsus
529 1577 591 1618 151
630 1559 869 1636 respondisse.“
929 1557 1029 1639 (Haec
1061 1559 1226 1638 Philippus
1264 1563 1302 1622 ad

88 1679 127 1721 me
147 1665 218 1741 etc.)

87 1819 145 1877 tlt.
177 1813 358 1877 1153211111.
404 1811 480 1895 (volt
496 1821 532 1876 V.
555 1838 583 1890 p.
600 1815 688 1899 118.)
1171 1820 1317 1879 21511.-

175 1904 380 2029 Ὀκνῶ.
413 1957 588 2030 Caluinus
616 1954 667 2025 ud
694 1953 1035 2029 Metanctttonem.
1177 1912 1309 1935 M*

141 2075 208 2127 Haec
228 2073 347 2143 epistola
366 2073 466 2140 legitur
485 2073 512 2122 in
533 2069 651 2138 Operum
671 2070 776 2122 Calvini
795 2069 844 2121 Ed.
864 2072 1063 2123 Amstelodam.
1088 2071 1171 2125 Tomn
1191 2073 1238 2124 lx.
1258 2093 1302 2126 su·
1328 2113 1337 2126 .

172 2177 221 2231 pra
247 2163 282 2213 ad
308 2161 432 2212 15277.
462 2159 598 2209 recensito
624 2158 726 2225 aaa,
759 2173 793 2207 ex
817 2173 869 2221 qno
894 2159 920 2207 h.
937 2159 952 2208 l.
978 2158 1118 2210 recuditur
1150 2163 1303 2213 emendatis

122 2237 126 2246 '
171 2254 258 2298 antem
279 2245 465 2297 emendandis.
502 2243 601 2294 Exstat
623 2244 695 2294 euim
710 2241 769 2292 ets,
789 2257 840 2310 per
859 2257 1050 2296 amanuensem
1069 2246 1093 2297 J.
1106 2245 1137 2298 Η.
1149 2245 1305 2311 Hottlngeri

169 2335 195 2384 in
213 2333 264 2400 Ep.
284 2332 314 2389 T.
336 2331 384 2384 Xl.
407 2333 435 2382 in
460 2330 530 2380 Bibl.
551 2327 641 2384 Garol.
661 2346 689 2397 p.
706 2328 767 2380 6211.
813 2329 887 2380 Hanc
912 2330 1061 2396 epistolam
1088 2331 1144 2384 MS.
1171 2333 1304 2384 simlerus

171 2436 228 2472 cnm
250 2421 387 2486 impressa
413 2418 465 2481 „in
485 2416 590 2468 Calvini
610 2414 764 2484 epistolis“
790 2415 1036 2489 (1151511151597.
1060 2417 1103 2468 8⁰.
1129 2418 1200 2470 conl.
1222 2434 1306 2486 snpra

170 2522 195 2572 p.
207 2507 267 2556 215.
289 2502 416 2568 55277.)
435 2519 462 2570 p.
479 2503 527 2553 152
540 2518 581 2566 sq.
601 2501 690 2568 Epist.
705 2501 748 2552 63.
768 2500 891 2560 contulit,
911 2507 938 2551 et
949 2502 1098 2552 varietates
1117 2503 1258 2566 utriusque
1278 2505 1305 2554 in

171 2608 220 2643 sna
244 2591 404 2642 collectione
428 2587 469 2652 (S.
488 2584 556 2639 Msc.
577 2585 635 2652 57.)
662 2587 829 2649 asservavit,
861 2603 974 2651 quarum
1005 2588 1184 2654 apographon
1212 2587 1251 2638 et.
1273 2587 1305 2640 V.

172 2679 350 2743 Vnepeltmss
375 2675 493 2740 benigne
520 2671 553 2724 ad
578 2687 621 2723 me
647 2666 732 2724 misit,
754 2699 788 2710 -
811 2673 841 2722 ln
868 2673 988 2737 linguam
1015 2673 1150 2737 anglicam
1169 2675 1305 2726 translato

170 2765 238 2814 lraec
262 2761 382 2829 epistola
407 2761 508 2826 legitur
532 2761 559 2810 in
584 2759 692 2810 Letters
723 2759 753 2812 ol
775 2759 840 2810 lohn
864 2759 958 2810 *colvm
983 2761 1118 2825 complled
1142 2787 1178 2801 -υ
1198 2762 1236 2827 'bg
1259 2761 1305 2810 llr.

171 2850 243 2902 lnles
260 2847 376 2900 Bonnet.
396 2847 456 2898 Vol.
473 2847 492 2896 l.
512 2862 538 2911 p.
553 2846 605 2901 4611
613 2845 710 2897 -468,
748 2846 778 2896 ln
797 2846 918 2910 lingnam
937 2846 1210 2906 vernaculamversa
1228 2847 1306 2899 affer·

166 2943 210 2988 tur
224 2934 331 2986 aPaulo
342 2933 432 2998 ilenry
448 2933 475 2984 in
489 2933 558 2984 libro
572 2947 656 2998 supra
675 2948 703 3000 p.
713 2934 773 2984 215.
794 2939 867 2984 nota.
880 2935 905 2986 l.
924 2932 1060 2982 recensito
1074 2931 1104 2982 T.
1115 2933 1147 2985 11.
1162 2951 1190 3002 p.
1202 2933 1252 2988 353
1264 2949 1305 2998 sq.

171 3029 234 3074 nola
246 3023 272 3070 l.
293 3047 326 3056 -
348 3018 424 3070 (loni.
444 3017 548 3070 Calviui
568 3017 600 3068 ad
619 3016 856 3068 Melanchlhoncm
876 3017 1020 3084 epistulam
1042 3020 1084 3068 21.
1097 3017 1217 3068 ianuarii
1230 3020 1303 3070 1545.

171 3107 266 3177 (snpra
286 3124 313 3175 p.
326 3107 376 3158 214
389 3121 448 3169 sqq.
469 3120 512 3156 no.
523 3103 608 3170 279.).

459 3203 618 3268 Calvinus
649 3201 911 3269 Melanchtlrani.

153 3313 277 3375 Utinam
301 3319 335 3372 ut
358 3327 407 3371 me
431 3311 534 3387 angit,
566 3310 714 3386 adeoque
741 3307 903 3371 excruciat
927 3307 1082 3369 moeroris
1113 3307 1160 3369 tui
1183 3303 1305 3388 συμπά-

85 3418 162 3488 θεια,
191 3417 239 3480 sic
262 3415 373 3492 aliqua
404 3412 476 3474 eius
506 3419 596 3490 parte
628 3415 797 3474 sublevare
822 3420 854 3473 te
878 3429 1016 3489 possem.
1072 3411 1107 3474 Si
1130 3411 1175 3473 ita
1200 3421 1305 3473 estut

86 3509 177 3582 dic'unt
200 3517 366 3600 Tigurini,
394 3519 572 3578 habuerunt
604 3513 718 3578 iustam
744 3515 902 3575 scribendi
927 3532 1062 3576 causam.
1115 3515 1229 3576 Verum
1253 3524 1306 3575 aut

86 3623 164 3684 aliter
195 3623 337 3684 scribere
367 3618 527 3696 oportuit,
559 3626 612 3680 aut.
645 3617 774 3695 penitus
804 3626 920 3679 tacere.
972 3619 1196 3694 Praeterquam
1221 3619 1306 3678 enim

87 3727 157 3800 quod
175 3735 264 3789 'totus
288 3724 418 3786 libellus
441 3723 571 3784 ieiunus
597 3731 644 3784 est
669 3729 701 3784 ct
725 3721 861 3800 puerilis
885 3742 954 3784 cum
979 3725 1011 3784 in
1035 3723 1141 3784 multis
1166 3721 1305 3802 pertina-

86 3829 152 3890 citer
172 3829 291 3910 mugis,
315 3846 407 3904 qnam
431 3826 573 3897 erudite,
600 3835 632 3887 51
654 3825 780 3887 1115155
796 3845 904 3903 parum
922 3827 1102 3887 verecunde
1120 3823 1304 3904 Zwinglium

88 3947 162 3992 snum
184 3939 336 3994 excusant
359 3949 396 3992 ac
419 3937 548 3992 tuentur
571 3931 785 4006 nonriullaque
810 3927 843 3990 in
858 3931 996 3991 Luther‘o
1020 3929 1179 3990 immerito
1197 3929 1305 4008 exagi-

87 4037 156 4106 1511,
178 4043 240 4098 tum
264 4053 342 4097 vero
366 4033 398 4096 in
422 4033 592 4112 praecipui
617 4034 733 4112 capitis
756 4033 961 4106 tractatione,
986 4035 1006 4094 i.
1028 4052 1055 4095 e.
1080 4034 1112 4094 in
1137 4035 1208 4112 ipso
1235 4052 1305 4094 cari·

88 4151 132 4194 sae
152 4146 248 4210 statu,
272 4136 465 4208 infeliciter,
497 4153 567 4197 meo
592 4135 714 4198 iudicio
740 4154 775 4199 se
799 4146 921 4216 gerunt.
965 4139 1002 4198 Et
1026 4147 1130 4199 tamen
1154 4156 1215 4200 151
1240 4154 1306 4199 cre·

88 4236 143 4308 dis,
164 4259 251 4317 qnam
276 4239 339 4304 sibi
363 4239 395 4301 11
420 4241 491 4302 sinn
515 4242 680 4317 placeant,
704 4241 839 4316 perinde
864 4241 904 4300 de
928 4242 995 4301 suis
1019 4239 1162 4315 partibus
1183 4239 1304 4316 optime

88 4337 221 4402 deiuncti.
276 4347 381 4419 Atque
410 4341 461 4404 his
494 4341 622 4418 quidem
660 4342 766 4404 initiis
796 4343 944 4420 Tigurum
974 4344 1098 4403 laborat
1110 4340 1142 4425 ¹).
1196 4343 1307 4404 Vester

89 4442 277 4460 Ἢ

163 4495 189 4562 1)
211 4499 309 4549 Verum
335 4504 382 4548 ant
406 4497 485 4548 aliter
510 4499 684 4549 scribere-
702 4525 736 4534 -
761 4497 889 4565 Tigurum
914 4494 1043 4560 laborat]
1071 4496 1152 4564 haec,
1182 4511 1249 4563 quae
1280 4497 1307 4547 in

89 4577 190 4646 epistola
208 4582 261 4639 tls,
281 4585 424 4650 leguntur,
447 4584 474 4634 in
494 4585 631 4652 impressa
650 4585 758 4642 desunt.
861 4633 864 4640 .
