3072 5208
209 323 278 428 222
519 373 523 380 .
606 333 850 396 spernentium
879 335 961 388 nnnr
982 338 1057 394 roro.

212 493 364 576 respondi
385 495 488 555 fateor
510 507 577 562 me,
602 490 762 553 hominem
787 498 895 554 natum
918 493 948 552 in
974 494 1034 554 hac
1056 501 1163 556 nostra
1181 495 1326 558 barbaria
1341 493 1436 556 miuus

211 601 313 664 fuisse
343 597 530 659 officiosum.
584 594 646 655 Sed
676 612 733 669 pro
764 601 818 653 tua
841 612 960 655 summa
982 569 1180 658 humanitate
1200 599 1330 660 ueniam
1352 595 1437 658 dabis

134 693 144 720 '
212 701 474 780 occupationibus
493 697 581 768 ,nois
602 712 685 771 quae
708 695 910 772 scopomlhi
935 715 997 758 non
1016 701 1121 760 solum
1146 699 1226 762 haec
1247 701 1353 762 officia
1368 698 1437 760 orni-

211 808 258 877 ois
280 803 463 877 tribuenda,
495 801 552 862 sed
582 799 680 860 etiam
711 799 815 862 studia
845 798 1075 876 philosophiae
1098 810 1244 874 nostrae,
1276 819 1359 880 quae
1380 803 1438 862 scis

212 927 304 973 ame
328 907 463 968 mirifice
485 903 601 971 amari,
625 902 665 960 de
689 900 833 963 manibus
856 905 1029 965 excutiunt.
1075 907 1202 967 Interim
1225 913 1330 968 tamen
1356 898 1437 965 multi

213 1021 285 1076 sunt
307 1014 347 1072 de
370 1017 403 1070 te
424 1007 508 1068 inter
530 1001 655 1067 nostros·
679 1003 815 1074 amicos,
840 1003 927 1065 viros
950 1009 1069 1077 honos,
1092 1009 1261 1070 honorifici
1283 1023 1439 1068 sermones

213 1117 269 1201 qui
297 1107 542 1176 benevolentiae
573 1123 648 1183 erga
678 1113 711 1166 te
734 1112 863 1167 nostrae
893 1107 1162 1185 significationem
1192 1130 1253 1172 non
1283 1112 1440 1176 obscuram

213 1219 394 1292 continent,
416 1221 451 1274 ut
474 1210 584 1272 testari
609 1207 661 1268 hic
685 1216 795 1270 noster
817 1197 938 1270 amicus
953 1209 1105 1274 'Andreas
1126 1213 1306 1283 Aurilaher,
1329 1213 1439 1273 Vratis·

213 1323 385 1390 laviensis,
409 1321 532 1393 potest,
557 1313 597 1372 de
621 1329 683 1388 quo
706 1313 748 1378 ad
769 1319 801 1382 te
825 1314 886 1383 hue
909 1320 1068 1391 tempore,
1092 1321 1126 1376 ut
1150 1315 1335 1386 scriberem,
1358 1314 1439 1391 gravi

215 1426 315 1489 oliicii
342 1421 466 1483 ratione
497 1416 650 1478 adductus
681 1431 758 1477 sum.
816 1414 900 1476 Colit
930 1417 984 1477 hic
1014 1419 1157 1482 Andreas
1186 1437 1255 1480 cum
1278 1417 1442 1479 universae

214 1524 443 1612 philosophiae
466 1527 532 1585 tum
555 1535 631 1577 vero
656 1515 801 1580 medicae
824 1517 903 1578 artis
927 1520 1112 1582 doctrinam.
1147 1524 1288 1597 Cumque
1303 1519 1358 1580 diu
1377 1538 1442 1597 pro·

214 1634 355 1694 sessores
383 1626 416 1685 in
442 1618 610 1684 Germania
641 1618 801 1680 audiverit
832 1626 864 1678 et
893 1617 1067 1698 diligenter
1097 1622 1201 1700 ipsum
1230 1623 1442 1684 Galenumle·

214 1735 315 1821 gerit,
344 1737 471 1804 naturas
501 1740 604 1786 rerum
628 1729 660 1782 et
682 1719 895 1784 remediorum
926 1723 1151 1800 inquisiverit:
1185 1743 1266 1796 nunc
1290 1725 1322 1786 in
1346 1723 1442 1792 ltalia,
1524 1779 1525 1782 ,

214 1840 270 1901 uhi
293 1839 398 1897 fontes
422 1836 492 1890 sunt
515 1826 697 1895 doctrinae,
727 1823 961 1889 eruditissimos
992 1833 1024 1888 et
1054 1827 1271 1905 peritissimos
1302 1825 1443 1888 homines
1524 1831 1525 1866 ὲ

216 1942 327 2004 audire
349 1931 500 1996 decrevit.
554 1932 653 1990 Ame
676 1933 782 1988 autem
813 1929 928 2004 petivit
952 1936 986 1992 ut
1009 1931 1128 1992 aditum
1159 1931 1223 1994 sibi
1245 1931 1286 1992 ad
1309 1937 1341 1990 te
1362 1935 1443 2004 pate-

215 2047 371 2111 facerem,
401 2035 486 2116 quod
516 2039 624 2110 sperat
652 2037 738 2090 tuam
768 2032 1030 2094 consuetudinem
1059 2033 1443 2114 plurimnmprofuturarn

217 2166 299 2212 esse.
343 2143 468 2205 Nullum
491 2145 595 2199 autem
621 2135 761 2196 officinm
785 2142 879 2210 peto,
911 2136 995 2212 quod
1025 2155 1094 2198 oum
1123 2139 1179 2198 tuo
1202 2138 1311 2214 aliquo
1336 2137 1444 2198 iucom-

216 2241 320 2332 modo‘
335 2245 535 2325 coniunctum
559 2240 610 2301 sit.
644 2238 707 2298 Sed
729 2235 758 2296 si
782 2237 907 2313 quando
932 2239 971 2298 de
995 2240 1074 2298 urhe
1097 2238 1220 2316 aliquid
1236 2237 1445 2300 sciscitabitur

217 2355 271 2418 hic
300 2333 444 2416 ¹Andreas
474 2341 580 2406 studia
616 2339 687 2400 eius
717 2339 871 2409 adiuves,
910 2347 943 2400 ut
970 2343 1096 2404 solebas
1129 2343 1213 2420 apud
1241 2360 1300 2404 nos
1329 2356 1443 2402 summo

218 2459 355 2523 candore
384 2460 415 2513 et
445 2447 605 2509 disserere
633 2443 673 2502 de
705 2448 815 2502 natura
844 2445 988 2522 corporis
1020 2445 1150 2518 humani
1181 2452 1213 2506 et
1240 2445 1341 2506 multa
1364 2460 1443 2504 mou·

218 2551 319 2630 strare
349 2555 423 2619 aliis
454 2551 571 2630 ignota.
630 2544 717 2606 lianc
753 2545 916 2608 doetrinae
949 2547 1285 2618 communicationem,
1322 2562 1388 2606 cnm
1417 2549 1444 2601 et

218 2663 356 2729 maxime
385 2659 512 2738 dignam
543 2663 615 2711 esse
646 2645 776 2707 homine
813 2648 1007 2726 philosopho
1039 2655 1070 2710 et
1101 2651 1343 2712 convenientem
1373 2653 1444 2708 ,tuoe

217 2757 406 2830 humanitati
430 2756 628 2824 existimem,
653 2766 748 2827 spero
772 2756 804 2808 te
827 2751 901 2810 huie
926 2752 993 2814 viro
1018 2753 1101 2812 hono
1125 2755 1262 2814 honesto
1277 2770 1340 2815 nou
1356 2751 1444 2809 dene

218 2879 362 2952 getarum
389 2879 472 2938 esse.
503 2844 582 2918 'uui
614 2852 777 2934 ingenium
807 2852 907 2927 eino,¹
924 2853 1031 2916 studia
1060 2863 1091 2915 et
1113 2873 1219 2918 mores
1250 2848 1444 2932 cognoveris,
1523 2837 1524 2876 ³

220 2974 282 3052 erit
305 2971 364 3033 tihi
387 2985 456 3030 oum
480 2980 519 3024 eo
543 2957 679 3020 iucunda
702 2957 907 3018 consuetudo.
943 2957 1017 3020 Nam
1042 2964 1074 3018 et
1098 2976 1207 3036 omnes
1221 2953 1443 3042 philosophiae

218 3069 328 3160 partes
351 3088 464 3150 magna
487 3063 678 3128 dexteritate
703 3067 832 3130 tractat,
857 3067 888 3122 et
911 3059 1053 3147 iuslitia,
1082 3062 1146 3124 fide
1169 3069 1202 3122 et
1224 3061 1362 3123 candore
1386 3056 1443 3120 exi·

219 3184 285 3254 mio
308 3175 470 3258 praeditus
495 3173 559 3242 est3
585 3183 655 3228 nam
678 3163 756 3224 mihi
780 3165 876 3242 longo
901 3165 970 3229 iam¹
988 3172 1130 3242 tempore
1153 3183 1214 3224 non
1237 3165 1444 3246 solumnotus

217 3287 277 3362 ¹sed
302 3281 398 3344 etiam
422 3275 541 3338 amicus
565 3277 613 3330 est
636 3275 667 3327 et
692 3273 823 3344 propter
846 3267 903 3330 has
927 3265 1061 3337 virtutes
1082 3281 1101 3330 a
1123 3266 1204 3328 duce
1218 3267 1368 3332 Prussiae
1382 3261 1444 3324 dili·

221 3394 313 3472 gitur.
358 3383 425 3446 Erit
456 3378 553 3458 igitur
583 3353 789 3432 hrrrnanitaiis
818 3375 893 3429 tuae
922 3369 1082 3447 hospitem
1107 3368 1336 3456 philosophiae
1360 3380 1445 3432 causa

222 3493 254 3555 in
286 3489 406 3550 ltaliam
429 3478 611 3540 venientem
642 3469 812 3548 complecti
840 3477 875 3531 ut
898 3469 1052 3533 credibile
1083 3478 1129 3532 est
1156 3469 1319 3544 Timaeum
1345 3476 1376 3527 et
1400 3469 1444 3526 Ar-

223 3596 340 3657 chitam
364 3587 418 3664 utri
442 3585 480 3658 iu¹
498 3582 554 3644 illa
577 3577 688 3639 ultima
711 3572 822 3637 ltaliae
847 3590 902 3634 ora
925 3571 1166 3649 philosophiam
1183 3573 1358 3632 docuerunt
1374 3585 1445 3630 corn-

222 3702 336 3776 plexos
360 3703 434 3750 esse
459 3691 490 3744 et
513 3683 674 3744 Platonem
699 3683 731 3736 et
754 3676 836 3736 alios
859 3676 914 3750 qui
939 3691 978 3736 ex
1003 3673 1139 3735 Graecia
1168 3675 1287 3734 advos
1312 3667 1445 3731 discendi

223 3817 319 3862 causa
340 3790 536 3866 navigarunt.
574 3785 661 3842 Bene
684 3780 764 3838 vale.
798 3779 860 3841 Die
884 3777 945 3837 ΧΠ.
970 3779 1098 3854 augusti
1126 3777 1239 3857 totas,

736 3936 941 3946 ———----

875 4005 962 4036 s‘t
1053 3992 1094 4031 ri

221 4079 295 4164 naar.
329 4067 508 4134 nouom».
555 4013 865 4154 (virilitor.)
1316 4050 1445 4163 affigo

327 4154 499 4184 Μ

402 4245 610 4325 'mmm
638 4237 817 4309 affimat
843 4221 893 4300 dd
919 4191 1323 4354 Melancmoffliq*

294 4382 369 4431 liano
400 4345 556 4445 epistolum*
573 4350 688 4438 primurn
723 4339 808 4414 e'aidit
839 4331 1045 4412 [invii's‘onun'
1063 4351 1090 4408 in
1116 4331 1446 4422 'lligeuihEphameribur

266 4479 268 4491 ¹
328 4461 508 4527 zeitschrift
516 4460 575 4526 'fuir
589 4459 636 4508 die
649 4437 829 4505 historisrh'e
840 4449 998 4514 rraeotopre
1012 4447 1076 4496 unni
1091 4441 1166 4497 1832.¹
1176 4439 1313 4493 'iasdolli'
1325 4439 1371 4490 No.
1384 4431 1444 4482 Vlll·

256 4595 258 4602 ,
329 4551 473 4614 Rettrripe
489 4533 952 4609 mritrformttoospascttrtte
970 4517 1442 4589 uaomtanatntnmrtrtpatt

265 4690 267 4698 ,
325 4621 855 4702 2442.)epist.lll..(p.226·r233·)·‡
901 4645 905 4657 ·
960 4633 964 4686 ξ
1057 4662 1066 4675 ,
1155 4627 1221 4680 ,,,’,
1252 4647 1307 4682 m„
1352 4623 1386 4665 ,,’,
