3072 5208
470 337 716 392 sumptuum
736 340 818 394 arma
844 341 920 397 teca
1247 325 1313 402 dii

71 508 139 568 gua
160 499 294 572 appones
315 493 376 580 (uti
399 496 480 574 elixi)
512 497 646 572 gratim
668 493 792 566 inirem,
830 495 950 558 Graeca
970 515 1039 559 curm
1063 499 1186 561 Latinis
1219 504 1315 578 (quod

74 593 107 656 in
133 597 236 660 libera
259 599 454 677 mirrimoquo
491 599 642 660 adstricta
669 597 936 674 interpretatione
958 606 1133 679 nequeunt)
1169 605 1314 664 conterre

71 699 290 774 capientibus,
313 708 346 764 et
366 703 477 764 rudem
499 702 653 778 ammata
685 700 720 762 in
743 699 846 762 animo
870 703 989 764 habere
1011 705 1192 766 sententiae
1220 706 1314 766 inlar-

70 805 246 866 mationem
268 804 434 868 contentis.
479 804 616 867 Exhibat
638 811 743 866 autam
766 804 853 866 velot
874 807 1085 882 appendicem
1108 805 1161 868 bio
1173 802 1313 878 libellus,

71 907 271 982 reliquorum
294 916 366 970 octo
389 906 557 983 lyricorum
581 905 717 968 carmina
746 923 954 984 quaecuuque
976 927 1089 986 sparsa
1125 927 1184 986 per
1205 915 1313 974 arrtbo·

71 1025 125 1069 res
163 1010 312 1072 iuvenire
349 1010 450 1088 potui.
496 1012 566 1085 Quo
587 1016 674 1070 certe
697 1009 827 1072 nomine
864 1013 925 1071 boc
948 991 1163 1074 munusculum
1193 1016 1316 1092 gratius

72 1111 136 1174 tibi
159 1115 229 1174 lore
251 1115 387 1178 aorrfido.
430 1113 554 1175 Utinam
576 1121 682 1176 tamen
706 1115 829 1174 maiore
852 1120 947 1203 teque
969 1114 1118 1193 digniore
1151 1119 1259 1194 eliqua
1283 1121 1314 1178 ln

71 1233 107 1276 re
134 1215 196 1278 tibi
218 1218 438 1296 gratificando,
472 1216 536 1279 mei
565 1232 641 1295 arga
660 1217 817 1278 te.mutui
840 1219 969 1288 amoris,
1004 1226 1038 1278 et
1058 1223 1176 1290 tantae,
1200 1229 1315 1296 quanta

70 1318 140 1382 coli
163 1321 309 1393 mereris,
344 1323 567 1384 observantiae
589 1323 809 1383 testimonium
831 1322 907 1382 dere
931 1337 1068 1396 possem.
1114 1324 1177 1384 Sed
1200 1324 1314 1403 (uicit

70 1425 145 1500 ille)
169 1427 223 1501 qui
255 1443 345 1503 queat
369 1425 474 1502 potuit
496 1426 554 1486 dat·
571 1425 717 1499 maxima,
741 1429 848 1504 gratus
871 1426 996 1487 abunde
1018 1433 1079 1488 est.
1122 1427 1209 1487 Deus
1245 1429 1312 1504 Opt.

67 1527 155 1590 Max.
191 1536 223 1589 te
250 1530 382 1593 eandiei
404 1528 653 1591 tiraelructibus
697 1531 858 1604 uempnat.
890 1527 1061 1593 literarium
1097 1532 1152 1591 diu
1174 1532 1314 1606 locuple·

66 1637 140 1690 tare
164 1631 256 1692 sinat.
302 1632 381 1693 Vale
403 1632 695 1708 Musaeoeparons
718 1633 854 1708 patriae.
886 1631 933 1694 Ex
953 1636 1186 1711 typograpneio
1204 1641 1314 1698 nostro

68 1735 262 1813 calupnii.
307 1737 365 1797 An.
388 1738 428 1798 tl.
449 1737 484 1796 D.
509 1735 566 1798 LX.

537 1926 540 1935 r
592 1924 796 1942 ”mv-vd

69 2081 143 2140 tea.
179 2081 232 2138 uo.
248 2077 359 2140 norat,
406 2077 728 2162 (vol.lx.p.1utlt.)
1178 2083 1205 2140 a.
1225 2084 1312 2156 april·

188 2165 346 2190 Μ
1181 2173 1305 2198 Μ

186 2295 189 2303 ’
249 2269 440 2342 Hrrdertua
465 2272 683 2363 Languetuo
710 2269 762 2340 ud
787 2270 1130 2345 Melanchilronem.

127 2437 195 2490 lide
214 2435 404 2503 l'rolrgpmrtur
425 2438 457 2487 acl
479 2439 595 2492 umdssd.
634 2438 664 2488 lu
683 2437 751 2488 libro
771 2438 825 2488 illic
844 2440 981 2491 recensito
1000 2440 1068 2493 llaec
1089 2448 1129 2492 est
1149 2440 1313 2508 epistxl'l.

91 2627 285 2711 Clarissimo
307 2625 449 2690 Doruirro
478 2626 700 2710 Praeceptorr'
726 2649 768 2688 aa
787 2635 884 2710 pratri
902 2643 1065 2714 perpetuo
1094 2627 1291 2703 Reuerendo

449 2728 520 2810 Dra.
543 2728 703 2814 Philippo
726 2729 947 2795 Meluutlrunr'.

160 2887 189 2946 S.
214 2887 243 2944 Ρ.
267 2887 302 2946 D.
349 2873 531 2946 lievereude
554 2887 699 2956 Domine,
736 2905 804 2947 curn
841 2889 879 2948 ad
905 2895 935 2947 te
959 2887 1101 2948 scribere
1135 2889 1309 2964 inciperem

70 3005 150 3050 casu
173 2987 298 3049 conieci
320 2989 429 3050 oculos
464 2988 495 3047 in
521 2988 689 3065 imaginem
715 2989 841 3049 loannis
865 2989 956 3059 lluss,
986 3002 1070 3064 quae
1092 2987 1197 3050 statim
1221 2990 1312 3049 redu-

68 3093 119 3152 xit
142 3085 222 3151 mihi
246 3092 277 3150 in
302 3096 438 3150 mentem
462 3091 610 3168 ingentes
626 3093 822 3154 calamitates
848 3089 1123 3169 itegniBobernici
1146 3099 1219 3152 ante
1239 3093 1312 3153 illos

69 3195 224 3255 tumultus
250 3193 479 3253 florentissimi.
525 3194 636 3254 Omnia
659 3199 763 3254 autern
787 3209 867 3272 qrroe
892 3192 925 3253 in
941 3191 1094 3254 Bohemio
1116 3193 1311 3264 acciderunt,

68 3297 116 3359 itu
140 3295 206 3358 iam
230 3295 353 3357 Galliae
388 3297 550 3357 imminere
574 3296 732 3368 videntur,
766 3305 801 3358 ut
826 3298 1052 3374 propemodum
1088 3297 1150 3356 sint
1174 3294 1310 3356 inevita-

69 3397 161 3460 bilia.
208 3397 272 3458 llex
308 3397 431 3460 Galliae
465 3395 592 3474 publico
623 3400 728 3460 edicto
764 3399 930 3478 proposito
964 3398 1107 3460 Littetiue
1143 3399 1310 3460 undecima

69 3500 177 3562 lllorlii
200 3501 358 3562 concessit
380 3497 600 3578 impunitatem
624 3503 770 3564 omnibus
794 3503 848 3578 qui
872 3502 993 3578 aliquid
1017 3501 1048 3561 iu
1062 3519 1158 3562 carisa
1180 3502 1309 3578 religio-

69 3604 122 3666 nis
146 3602 360 3679 deliquerunt,
394 3609 425 3663 et
446 3603 568 3664 dimisit
603 3621 712 3666 omnes
737 3604 880 3681 captivos
912 3619 952 3664 ex
976 3604 1165 3666 carceribus.
1211 3603 1242 3663 ln
1266 3605 1299 3664 lu

69 3715 174 3768 turum
199 3713 303 3767 eutem
326 3704 404 3765 nihil
429 3705 575 3768 concedit
599 3705 675 3768 illud
699 3708 837 3768 edictum
871 3706 924 3776 iis,
947 3707 1002 3784 qui
1026 3706 1195 3766 seeundum
1220 3708 1310 3784 leges

71 3809 178 3887 Regni
203 3809 313 3869 vivere
335 3825 396 3868 non
420 3810 536 3870 volent.
581 3810 748 3872 Sciverunt
772 3813 1000 3888 gubernatores
1035 3793 1214 3869 innumeros
1237 3823 1310 3868 esse

71 3911 127 3988 quoi
163 3910 374 3972 intestinorum
397 3912 709 3990 congregationibus,
744 3927 825 3990 quac
865 3927 923 3990 per
946 3917 1045 3973 totum
1069 3913 1209 3988 Regnum
1244 3912 1311 3988 agi-

70 4022 187 4086 tantur,
221 4020 253 4075 et
277 4015 442 4077 voluerunt
480 4031 536 4078 eos
566 4017 750 4089 abolitione,
786 4016 1029 4094 praeteritorum
1052 4023 1137 4076 mem
1160 4015 1308 4085 liberare,

71 4133 111 4178 ne
135 4119 176 4178 ad
200 4133 285 4179 arma
308 4125 594 4192 consternarentur,
619 4128 649 4181 et
673 4123 768 4180 credo
791 4121 874 4196 quod
897 4119 1036 4180 libenter·
1057 4117 1179 4194 aliquid
1203 4117 1312 4177 mode·⁴

73 4227 227 4293 rarentur,
259 4224 287 4282 si
318 4219 462 4282 viderent
492 4241 554 4299 qua
576 4226 700 4286 ratione
728 4225 761 4285 id
790 4223 861 4284 lieri
891 4229 1011 4300 posset.
1056 4223 1168 4282 Verum
1191 4222 1309 4282 tantum

73 4325 174 4394 abest,
209 4329 244 4383 ut
275 4339 313 4384 ea
337 4323 555 4386 moderatione
578 4325 725 4402 publicae
748 4325 969 4400 tranquillitati
1003 4322 1237 4395 consuluerint,
1277 4329 1310 4384 ut

73 4425 168 4486 etiam
191 4423 216 4485 ii
239 4423 293 4500 qui
316 4428 409 4486 antea
432 4426 495 4487 sibi
519 4427 684 4504 plurimum
699 4430 889 4498 metuebant,
913 4426 975 4488 iam
997 4425 1210 4489 animosiores
1232 4427 1309 4489 lacti

73 4530 180 4590 omnia
202 4529 240 4590 ad
265 4527 329 4590 vim
351 4530 526 4604 perducere
550 4537 710 4594 conentur.
754 4531 801 4592 Ex
821 4529 972 4592 extalibus
996 4531 1135 4608 plurimi,
1160 4536 1193 4590 et
1214 4547 1305 4605 proe-

74 4631 183 4694 sertim
205 4631 261 4706 qui
283 4638 355 4691 suut.
380 4647 418 4691 err
442 4631 620 4705 nobilitate,
644 4631 676 4694 in
701 4633 834 4697 Gallium
856 4632 1031 4704 redierunt,
1064 4640 1098 4692 ut
1131 4632 1236 4693 oleum
1260 4649 1310 4693 cu·
