<?xml version="1.0" encoding="UTF-8"?>
<!DOCTYPE html PUBLIC "-//W3C//DTD XHTML 1.0 Transitional//EN"
    "http://www.w3.org/TR/xhtml1/DTD/xhtml1-transitional.dtd">
<html xmlns="http://www.w3.org/1999/xhtml" xml:lang="en" lang="en">
 <head>
  <title>
</title>
<meta http-equiv="Content-Type" content="text/html;charset=utf-8" />
  <meta name='ocr-system' content='tesseract 3.04.00' />
  <meta name='ocr-capabilities' content='ocr_page ocr_carea ocr_par ocr_line ocrx_word'/>
</head>
<body>
  <div class='ocr_page' id='page_1' title='image "./philippimelanch01melagoog_0289.png"; bbox 0 0 3072 5208; ppageno 0'>
   <div class='ocr_carea' id='block_1_1' title="bbox 250 312 1095 392">
    <p class='ocr_par' dir='ltr' id='par_1_1' title="bbox 250 312 1095 392">
     <span class='ocr_line' id='line_1_1' title="bbox 250 312 1095 392; baseline 0.005 -6"><span class='ocrx_word' id='word_1_1' title='bbox 250 312 319 386; x_wconf 68' lang='lat'><strong>272</strong></span> <span class='ocrx_word' id='word_1_2' title='bbox 650 332 897 392; x_wconf 76' lang='lat' dir='ltr'><strong>sttrrmunnra</strong></span> <span class='ocrx_word' id='word_1_3' title='bbox 915 335 1000 391; x_wconf 75' lang='lat' dir='ltr'><strong>anm</strong></span> <span class='ocrx_word' id='word_1_4' title='bbox 1019 338 1095 392; x_wconf 78' lang='lat' dir='ltr'><strong>rosa.</strong></span> 
     </span>
    </p>
   </div>
   <div class='ocr_carea' id='block_1_2' title="bbox 244 487 1470 2412">
    <p class='ocr_par' dir='ltr' id='par_1_2' title="bbox 244 487 1470 2412">
     <span class='ocr_line' id='line_1_2' title="bbox 250 487 1469 574; baseline 0.006 -29"><span class='ocrx_word' id='word_1_5' title='bbox 250 487 326 557; x_wconf 88' lang='lat' dir='ltr'><strong>rici,</strong></span> <span class='ocrx_word' id='word_1_6' title='bbox 357 487 408 548; x_wconf 91' lang='lat' dir='ltr'><strong>bis</strong></span> <span class='ocrx_word' id='word_1_7' title='bbox 439 487 692 560; x_wconf 87' lang='lat' dir='ltr'><strong>conditionibus,</strong></span> <span class='ocrx_word' id='word_1_8' title='bbox 724 495 758 550; x_wconf 91' lang='lat' dir='ltr'><strong>ut</strong></span> <span class='ocrx_word' id='word_1_9' title='bbox 787 491 870 552; x_wconf 89' lang='lat' dir='ltr'><strong>ultra</strong></span> <span class='ocrx_word' id='word_1_10' title='bbox 899 489 1065 554; x_wconf 81' lang='lat' dir='ltr'>biennium</span> <span class='ocrx_word' id='word_1_11' title='bbox 1094 492 1126 553; x_wconf 89' lang='lat' dir='ltr'><strong>in</strong></span> <span class='ocrx_word' id='word_1_12' title='bbox 1157 493 1248 556; x_wconf 85' lang='lat' dir='ltr'><strong>ltalia</strong></span> <span class='ocrx_word' id='word_1_13' title='bbox 1279 512 1329 556; x_wconf 88' lang='lat' dir='ltr'><strong>me</strong></span> <span class='ocrx_word' id='word_1_14' title='bbox 1359 493 1469 574; x_wconf 80' lang='lat' dir='ltr'><strong>extrahi</strong></span> 
     </span>
     <span class='ocr_line' id='line_1_3' title="bbox 249 589 1469 668; baseline 0.005 -20"><span class='ocrx_word' id='word_1_15' title='bbox 249 607 311 649; x_wconf 91' lang='lat' dir='ltr'><strong>non</strong></span> <span class='ocrx_word' id='word_1_16' title='bbox 337 589 454 666; x_wconf 88' lang='lat' dir='ltr'><strong>patiar,</strong></span> <span class='ocrx_word' id='word_1_17' title='bbox 483 591 567 668; x_wconf 90' lang='lat' dir='ltr'><strong>quod</strong></span> <span class='ocrx_word' id='word_1_18' title='bbox 597 590 630 654; x_wconf 89' lang='lat' dir='ltr'><strong>in</strong></span> <span class='ocrx_word' id='word_1_19' title='bbox 659 592 791 652; x_wconf 88' lang='lat' dir='ltr'><strong>arbitrio</strong></span> <span class='ocrx_word' id='word_1_20' title='bbox 816 607 888 654; x_wconf 91' lang='lat' dir='ltr'><strong>meo</strong></span> <span class='ocrx_word' id='word_1_21' title='bbox 912 593 1122 668; x_wconf 78' lang='lat' dir='ltr'><strong>relinquitur,</strong></span> <span class='ocrx_word' id='word_1_22' title='bbox 1155 601 1189 656; x_wconf 93' lang='lat' dir='ltr'><strong>ut</strong></span> <span class='ocrx_word' id='word_1_23' title='bbox 1213 595 1305 656; x_wconf 90' lang='lat' dir='ltr'><strong>detur</strong></span> <span class='ocrx_word' id='word_1_24' title='bbox 1327 594 1423 658; x_wconf 72' lang='lat' dir='ltr'><strong>dctus</strong></span> <span class='ocrx_word' id='word_1_25' title='bbox 1444 602 1469 654; x_wconf 90' lang='lat' dir='ltr'><strong>et</strong></span> 
     </span>
     <span class='ocr_line' id='line_1_4' title="bbox 248 693 1469 774; baseline 0.001 -19"><span class='ocrx_word' id='word_1_26' title='bbox 248 693 382 755; x_wconf 84' lang='lat' dir='ltr'><strong>amictus</strong></span> <span class='ocrx_word' id='word_1_27' title='bbox 397 695 569 763; x_wconf 89' lang='lat' dir='ltr'><strong>honestus,</strong></span> <span class='ocrx_word' id='word_1_28' title='bbox 589 700 623 755; x_wconf 93' lang='lat' dir='ltr'><strong>ut</strong></span> <span class='ocrx_word' id='word_1_29' title='bbox 637 699 841 756; x_wconf 86' lang='lat' dir='ltr'><strong>numerentur</strong></span> <span class='ocrx_word' id='word_1_30' title='bbox 857 694 1026 770; x_wconf 75' lang='lat' dir='ltr'><strong>quotannis</strong></span> <span class='ocrx_word' id='word_1_31' title='bbox 1042 695 1211 774; x_wconf 84' lang='lat' dir='ltr'><strong>sexaginta</strong></span> <span class='ocrx_word' id='word_1_32' title='bbox 1227 697 1340 758; x_wconf 91' lang='lat' dir='ltr'><strong>lloreni</strong></span> <span class='ocrx_word' id='word_1_33' title='bbox 1356 704 1469 758; x_wconf 86' lang='lat' dir='ltr'><strong>nostrae</strong></span> 
     </span>
     <span class='ocr_line' id='line_1_5' title="bbox 248 776 1469 871; baseline 0.004 -16"><span class='ocrx_word' id='word_1_34' title='bbox 248 801 403 856; x_wconf 89' lang='lat' dir='ltr'><strong>monetae.</strong></span> <span class='ocrx_word' id='word_1_35' title='bbox 438 796 499 859; x_wconf 87' lang='lat' dir='ltr'><strong>Ubi</strong></span> <span class='ocrx_word' id='word_1_36' title='bbox 513 795 575 860; x_wconf 89' lang='lat' dir='ltr'><strong>Dei</strong></span> <span class='ocrx_word' id='word_1_37' title='bbox 598 776 756 862; x_wconf 74' lang='lat' dir='ltr'><strong>beneticio</strong></span> <span class='ocrx_word' id='word_1_38' title='bbox 781 813 823 858; x_wconf 83' lang='lat' dir='ltr'><strong>ex</strong></span> <span class='ocrx_word' id='word_1_39' title='bbox 846 796 939 859; x_wconf 90' lang='lat' dir='ltr'><strong>ltalia</strong></span> <span class='ocrx_word' id='word_1_40' title='bbox 962 813 1111 860; x_wconf 84' lang='lat' dir='ltr'><strong>reversus</strong></span> <span class='ocrx_word' id='word_1_41' title='bbox 1134 799 1238 871; x_wconf 85' lang='lat' dir='ltr'><strong>tuero,</strong></span> <span class='ocrx_word' id='word_1_42' title='bbox 1261 800 1469 862; x_wconf 89' lang='lat' dir='ltr'><strong>constituenda</strong></span> 
     </span>
     <span class='ocr_line' id='line_1_6' title="bbox 247 896 1470 980; baseline 0.003 -22"><span class='ocrx_word' id='word_1_43' title='bbox 247 896 328 958; x_wconf 91' lang='lat' dir='ltr'><strong>mihi</strong></span> <span class='ocrx_word' id='word_1_44' title='bbox 356 897 423 962; x_wconf 90' lang='lat' dir='ltr'><strong>vita</strong></span> <span class='ocrx_word' id='word_1_45' title='bbox 453 900 584 962; x_wconf 85' lang='lat' dir='ltr'><strong>stataria</strong></span> <span class='ocrx_word' id='word_1_46' title='bbox 613 906 678 970; x_wconf 90' lang='lat' dir='ltr'><strong>est,</strong></span> <span class='ocrx_word' id='word_1_47' title='bbox 713 917 784 964; x_wconf 87' lang='lat' dir='ltr'><strong>nam</strong></span> <span class='ocrx_word' id='word_1_48' title='bbox 813 900 996 970; x_wconf 84' lang='lat' dir='ltr'><strong>maturiora,</strong></span> <span class='ocrx_word' id='word_1_49' title='bbox 1035 907 1070 960; x_wconf 92' lang='lat' dir='ltr'><strong>ut</strong></span> <span class='ocrx_word' id='word_1_50' title='bbox 1098 901 1193 964; x_wconf 89' lang='lat' dir='ltr'><strong>nimis</strong></span> <span class='ocrx_word' id='word_1_51' title='bbox 1222 901 1390 980; x_wconf 79' lang='lat' dir='ltr'><strong>tragicam,</strong></span> <span class='ocrx_word' id='word_1_52' title='bbox 1418 904 1470 962; x_wconf 88' lang='lat' dir='ltr'><strong>iam</strong></span> 
     </span>
     <span class='ocr_line' id='line_1_7' title="bbox 247 1000 1468 1075; baseline 0.002 -17"><span class='ocrx_word' id='word_1_53' title='bbox 247 1005 415 1075; x_wconf 85' lang='lat' dir='ltr'><strong>pertaesus</strong></span> <span class='ocrx_word' id='word_1_54' title='bbox 439 1019 524 1064; x_wconf 76' lang='lat' dir='ltr'><strong>sum,</strong></span> <span class='ocrx_word' id='word_1_55' title='bbox 569 1000 638 1072; x_wconf 80' lang='lat' dir='ltr'><strong>Qua</strong></span> <span class='ocrx_word' id='word_1_56' title='bbox 660 1000 693 1062; x_wconf 90' lang='lat' dir='ltr'><strong>in</strong></span> <span class='ocrx_word' id='word_1_57' title='bbox 717 1017 752 1062; x_wconf 89' lang='lat' dir='ltr'><strong>rc</strong></span> <span class='ocrx_word' id='word_1_58' title='bbox 776 1001 928 1072; x_wconf 88' lang='lat' dir='ltr'><strong>obsecro,</strong></span> <span class='ocrx_word' id='word_1_59' title='bbox 957 1017 997 1062; x_wconf 91' lang='lat' dir='ltr'><strong>ne</strong></span> <span class='ocrx_word' id='word_1_60' title='bbox 1029 1003 1108 1070; x_wconf 87' lang='lat' dir='ltr'><strong>mihi</strong></span> <span class='ocrx_word' id='word_1_61' title='bbox 1136 1005 1281 1067; x_wconf 89' lang='lat' dir='ltr'><strong>consilio.</strong></span> <span class='ocrx_word' id='word_1_62' title='bbox 1306 1012 1361 1067; x_wconf 93' lang='lat' dir='ltr'><strong>tuo</strong></span> <span class='ocrx_word' id='word_1_63' title='bbox 1384 1003 1468 1064; x_wconf 91' lang='lat' dir='ltr'><strong>desis.</strong></span> 
     </span>
     <span class='ocr_line' id='line_1_8' title="bbox 247 1097 1469 1182; baseline 0.003 -21"><span class='ocrx_word' id='word_1_64' title='bbox 247 1100 282 1162; x_wconf 92' lang='lat' dir='ltr'><strong>Si</strong></span> <span class='ocrx_word' id='word_1_65' title='bbox 306 1103 383 1179; x_wconf 92' lang='lat' dir='ltr'><strong>quid</strong></span> <span class='ocrx_word' id='word_1_66' title='bbox 405 1105 522 1175; x_wconf 89' lang='lat' dir='ltr'><strong>habes,</strong></span> <span class='ocrx_word' id='word_1_67' title='bbox 551 1105 636 1180; x_wconf 89' lang='lat' dir='ltr'><strong>quod</strong></span> <span class='ocrx_word' id='word_1_68' title='bbox 666 1105 698 1164; x_wconf 90' lang='lat' dir='ltr'><strong>in</strong></span> <span class='ocrx_word' id='word_1_69' title='bbox 722 1120 788 1164; x_wconf 91' lang='lat' dir='ltr'><strong>rem</strong></span> <span class='ocrx_word' id='word_1_70' title='bbox 815 1119 917 1166; x_wconf 89' lang='lat' dir='ltr'><strong>meam</strong></span> <span class='ocrx_word' id='word_1_71' title='bbox 946 1106 1115 1167; x_wconf 76' lang='lat' dir='ltr'><strong>constitere</strong></span> <span class='ocrx_word' id='word_1_72' title='bbox 1146 1107 1276 1182; x_wconf 83' lang='lat' dir='ltr'><strong>possis,</strong></span> <span class='ocrx_word' id='word_1_73' title='bbox 1306 1097 1342 1168; x_wconf 91' lang='lat' dir='ltr'><strong>id</strong></span> <span class='ocrx_word' id='word_1_74' title='bbox 1363 1113 1469 1168; x_wconf 89' lang='lat' dir='ltr'><strong>mature</strong></span> 
     </span>
     <span class='ocr_line' id='line_1_9' title="bbox 247 1204 1469 1284; baseline -0.002 -15"><span class='ocrx_word' id='word_1_75' title='bbox 247 1206 287 1269; x_wconf 88' lang='lat' dir='ltr'><strong>cd</strong></span> <span class='ocrx_word' id='word_1_76' title='bbox 309 1224 360 1268; x_wconf 88' lang='lat' dir='ltr'><strong>ma</strong></span> <span class='ocrx_word' id='word_1_77' title='bbox 383 1206 555 1284; x_wconf 83' lang='lat' dir='ltr'><strong>perscribe.</strong></span> <span class='ocrx_word' id='word_1_78' title='bbox 600 1206 660 1268; x_wconf 84' lang='lat' dir='ltr'><strong>liro</strong></span> <span class='ocrx_word' id='word_1_79' title='bbox 683 1204 827 1268; x_wconf 78' lang='lat' dir='ltr'>Viennae</span> <span class='ocrx_word' id='word_1_80' title='bbox 850 1207 889 1270; x_wconf 90' lang='lat' dir='ltr'><strong>ad</strong></span> <span class='ocrx_word' id='word_1_81' title='bbox 914 1222 1060 1269; x_wconf 87' lang='lat' dir='ltr'><strong>mensem</strong></span> <span class='ocrx_word' id='word_1_82' title='bbox 1083 1208 1234 1284; x_wconf 82' lang='lat' dir='ltr'><strong>Aprilem.</strong></span> <span class='ocrx_word' id='word_1_83' title='bbox 1268 1207 1411 1278; x_wconf 86' lang='lat' dir='ltr'><strong>Interim,</strong></span> <span class='ocrx_word' id='word_1_84' title='bbox 1432 1209 1469 1267; x_wconf 91' lang='lat' dir='ltr'><strong>iu-</strong></span> 
     </span>
     <span class='ocr_line' id='line_1_10' title="bbox 248 1307 1469 1386; baseline 0 -16"><span class='ocrx_word' id='word_1_85' title='bbox 248 1309 442 1374; x_wconf 89' lang='lat' dir='ltr'><strong>cundissime</strong></span> <span class='ocrx_word' id='word_1_86' title='bbox 457 1310 666 1386; x_wconf 74' lang='lat' dir='ltr'><strong>Praeceptor,</strong></span> <span class='ocrx_word' id='word_1_87' title='bbox 690 1325 811 1385; x_wconf 80' lang='lat' dir='ltr'><strong>quaeso</strong></span> <span class='ocrx_word' id='word_1_88' title='bbox 835 1307 960 1386; x_wconf 91' lang='lat' dir='ltr'><strong>aliquid</strong></span> <span class='ocrx_word' id='word_1_89' title='bbox 980 1309 1019 1386; x_wconf 88' lang='lat' dir='ltr'><strong>ad</strong></span> <span class='ocrx_word' id='word_1_90' title='bbox 1041 1326 1092 1372; x_wconf 89' lang='lat' dir='ltr'><strong>me</strong></span> <span class='ocrx_word' id='word_1_91' title='bbox 1114 1307 1279 1373; x_wconf 87' lang='lat' dir='ltr'><strong>literarum</strong></span> <span class='ocrx_word' id='word_1_92' title='bbox 1294 1312 1368 1381; x_wconf 90' lang='lat' dir='ltr'><strong>des,</strong></span> <span class='ocrx_word' id='word_1_93' title='bbox 1391 1327 1469 1386; x_wconf 88' lang='lat' dir='ltr'><strong>quas-</strong></span> 
     </span>
     <span class='ocr_line' id='line_1_11' title="bbox 246 1410 1469 1489; baseline -0.001 -17"><span class='ocrx_word' id='word_1_94' title='bbox 246 1429 372 1488; x_wconf 83' lang='lat' dir='ltr'><strong>cunque</strong></span> <span class='ocrx_word' id='word_1_95' title='bbox 394 1411 538 1482; x_wconf 85' lang='lat' dir='ltr'><strong>dederis‚</strong></span> <span class='ocrx_word' id='word_1_96' title='bbox 562 1411 655 1474; x_wconf 87' lang='lat' dir='ltr'><strong>Vitas</strong></span> <span class='ocrx_word' id='word_1_97' title='bbox 679 1410 898 1482; x_wconf 76' lang='lat' dir='ltr'><strong>Theudoricus</strong></span> <span class='ocrx_word' id='word_1_98' title='bbox 928 1411 1040 1472; x_wconf 89' lang='lat' dir='ltr'><strong>adme</strong></span> <span class='ocrx_word' id='word_1_99' title='bbox 1065 1410 1324 1477; x_wconf 77' lang='lat' dir='ltr'><strong>commodissime</strong></span> <span class='ocrx_word' id='word_1_100' title='bbox 1348 1413 1469 1489; x_wconf 81' lang='lat' dir='ltr'><strong>perferri</strong></span> 
     </span>
     <span class='ocr_line' id='line_1_12' title="bbox 246 1513 1470 1591; baseline -0.002 -15"><span class='ocrx_word' id='word_1_101' title='bbox 246 1515 376 1578; x_wconf 83' lang='lat' dir='ltr'><strong>curabit.</strong></span> <span class='ocrx_word' id='word_1_102' title='bbox 428 1515 530 1578; x_wconf 88' lang='lat' dir='ltr'><strong>Statui</strong></span> <span class='ocrx_word' id='word_1_103' title='bbox 560 1513 739 1576; x_wconf 85' lang='lat' dir='ltr'><strong>Medicinae</strong></span> <span class='ocrx_word' id='word_1_104' title='bbox 770 1529 901 1591; x_wconf 85' lang='lat' dir='ltr'><strong>operam</strong></span> <span class='ocrx_word' id='word_1_105' title='bbox 934 1514 1029 1584; x_wconf 91' lang='lat' dir='ltr'><strong>dare,</strong></span> <span class='ocrx_word' id='word_1_106' title='bbox 1066 1513 1159 1576; x_wconf 88' lang='lat' dir='ltr'><strong>euius</strong></span> <span class='ocrx_word' id='word_1_107' title='bbox 1188 1515 1363 1578; x_wconf 88' lang='lat' dir='ltr'><strong>discendae</strong></span> <span class='ocrx_word' id='word_1_108' title='bbox 1392 1516 1419 1576; x_wconf 90' lang='lat' dir='ltr'><strong>si</strong></span> <span class='ocrx_word' id='word_1_109' title='bbox 1444 1521 1470 1574; x_wconf 91' lang='lat' dir='ltr'><strong>tu</strong></span> 
     </span>
     <span class='ocr_line' id='line_1_13' title="bbox 244 1615 1469 1698; baseline -0.002 -20"><span class='ocrx_word' id='word_1_110' title='bbox 244 1618 325 1680; x_wconf 89' lang='lat' dir='ltr'><strong>mihi</strong></span> <span class='ocrx_word' id='word_1_111' title='bbox 349 1622 476 1682; x_wconf 90' lang='lat' dir='ltr'><strong>brevem</strong></span> <span class='ocrx_word' id='word_1_112' title='bbox 507 1616 664 1680; x_wconf 87' lang='lat' dir='ltr'><strong>rationem</strong></span> <span class='ocrx_word' id='word_1_113' title='bbox 687 1619 906 1695; x_wconf 79' lang='lat' dir='ltr'><strong>praescribas,</strong></span> <span class='ocrx_word' id='word_1_114' title='bbox 936 1633 1004 1682; x_wconf 85' lang='lat' dir='ltr'><strong>rem</strong></span> <span class='ocrx_word' id='word_1_115' title='bbox 1033 1615 1114 1680; x_wconf 89' lang='lat' dir='ltr'><strong>mihi</strong></span> <span class='ocrx_word' id='word_1_116' title='bbox 1144 1619 1240 1696; x_wconf 78' lang='lat' dir='ltr'><strong>longe</strong></span> <span class='ocrx_word' id='word_1_117' title='bbox 1267 1617 1469 1698; x_wconf 76' lang='lat' dir='ltr'><strong>gratissimam</strong></span> 
     </span>
     <span class='ocr_line' id='line_1_14' title="bbox 245 1717 1469 1797; baseline -0.003 -17"><span class='ocrx_word' id='word_1_118' title='bbox 245 1721 384 1783; x_wconf 87' lang='lat' dir='ltr'><strong>tacturus</strong></span> <span class='ocrx_word' id='word_1_119' title='bbox 409 1736 453 1780; x_wconf 88' lang='lat' dir='ltr'><strong>es.</strong></span> <span class='ocrx_word' id='word_1_120' title='bbox 505 1721 679 1797; x_wconf 87' lang='lat' dir='ltr'><strong>imperator</strong></span> <span class='ocrx_word' id='word_1_121' title='bbox 709 1721 880 1783; x_wconf 78' lang='lat' dir='ltr'><strong>lurcorum</strong></span> <span class='ocrx_word' id='word_1_122' title='bbox 912 1720 982 1780; x_wconf 89' lang='lat' dir='ltr'><strong>sine</strong></span> <span class='ocrx_word' id='word_1_123' title='bbox 1012 1717 1110 1781; x_wconf 89' lang='lat' dir='ltr'><strong>dubio</strong></span> <span class='ocrx_word' id='word_1_124' title='bbox 1142 1727 1318 1797; x_wconf 85' lang='lat' dir='ltr'><strong>appetente</strong></span> <span class='ocrx_word' id='word_1_125' title='bbox 1350 1726 1469 1786; x_wconf 83' lang='lat' dir='ltr'><strong>aestate,</strong></span> 
     </span>
     <span class='ocr_line' id='line_1_15' title="bbox 245 1821 1468 1901; baseline -0.006 -17"><span class='ocrx_word' id='word_1_126' title='bbox 245 1841 314 1884; x_wconf 92' lang='lat' dir='ltr'><strong>cum</strong></span> <span class='ocrx_word' id='word_1_127' title='bbox 345 1823 490 1884; x_wconf 87' lang='lat' dir='ltr'><strong>exercitu</strong></span> <span class='ocrx_word' id='word_1_128' title='bbox 524 1838 711 1901; x_wconf 85' lang='lat' dir='ltr'><strong>egressurus</strong></span> <span class='ocrx_word' id='word_1_129' title='bbox 745 1828 803 1882; x_wconf 88' lang='lat' dir='ltr'><strong>est.</strong></span> <span class='ocrx_word' id='word_1_130' title='bbox 861 1821 920 1882; x_wconf 87' lang='lat' dir='ltr'><strong>llic</strong></span> <span class='ocrx_word' id='word_1_131' title='bbox 948 1839 1048 1884; x_wconf 88' lang='lat' dir='ltr'><strong>annus</strong></span> <span class='ocrx_word' id='word_1_132' title='bbox 1087 1822 1126 1884; x_wconf 92' lang='lat' dir='ltr'><strong>de</strong></span> <span class='ocrx_word' id='word_1_133' title='bbox 1156 1822 1327 1901; x_wconf 84' lang='lat' dir='ltr'><strong>ilungaria-</strong></span> <span class='ocrx_word' id='word_1_134' title='bbox 1357 1827 1468 1884; x_wconf 88' lang='lat' dir='ltr'><strong>statuet.</strong></span> 
     </span>
     <span class='ocr_line' id='line_1_16' title="bbox 245 1920 1468 2002; baseline -0.003 -19"><span class='ocrx_word' id='word_1_135' title='bbox 245 1925 333 1986; x_wconf 87' lang='lat' dir='ltr'><strong>Vale.</strong></span> <span class='ocrx_word' id='word_1_136' title='bbox 379 1926 467 1986; x_wconf 86' lang='lat' dir='ltr'><strong>Tuae</strong></span> <span class='ocrx_word' id='word_1_137' title='bbox 489 1925 635 2002; x_wconf 88' lang='lat' dir='ltr'><strong>coniugi,</strong></span> <span class='ocrx_word' id='word_1_138' title='bbox 657 1922 815 1990; x_wconf 89' lang='lat' dir='ltr'><strong>Dominae</strong></span> <span class='ocrx_word' id='word_1_139' title='bbox 839 1922 918 1985; x_wconf 89' lang='lat' dir='ltr'><strong>mihi</strong></span> <span class='ocrx_word' id='word_1_140' title='bbox 943 1925 1029 1986; x_wconf 87' lang='lat' dir='ltr'><strong>omni</strong></span> <span class='ocrx_word' id='word_1_141' title='bbox 1051 1925 1173 1986; x_wconf 87' lang='lat' dir='ltr'><strong>honore</strong></span> <span class='ocrx_word' id='word_1_142' title='bbox 1197 1924 1370 1994; x_wconf 87' lang='lat' dir='ltr'><strong>colendae,</strong></span> <span class='ocrx_word' id='word_1_143' title='bbox 1401 1920 1468 1982; x_wconf 90' lang='lat' dir='ltr'><strong>meis</strong></span> 
     </span>
     <span class='ocr_line' id='line_1_17' title="bbox 245 2021 1468 2104; baseline -0.004 -19"><span class='ocrx_word' id='word_1_144' title='bbox 245 2028 352 2089; x_wconf 90' lang='lat' dir='ltr'><strong>verbis</strong></span> <span class='ocrx_word' id='word_1_145' title='bbox 375 2024 541 2103; x_wconf 88' lang='lat' dir='ltr'><strong>plurimam</strong></span> <span class='ocrx_word' id='word_1_146' title='bbox 565 2027 699 2090; x_wconf 89' lang='lat' dir='ltr'><strong>salutem</strong></span> <span class='ocrx_word' id='word_1_147' title='bbox 722 2025 831 2088; x_wconf 75' lang='lat' dir='ltr'><strong>dicito,</strong></span> <span class='ocrx_word' id='word_1_148' title='bbox 876 2025 1037 2104; x_wconf 81' lang='lat' dir='ltr'><strong>Epericss.</strong></span> <span class='ocrx_word' id='word_1_149' title='bbox 1061 2025 1135 2104; x_wconf 93' lang='lat' dir='ltr'><strong>ipso</strong></span> <span class='ocrx_word' id='word_1_150' title='bbox 1160 2027 1214 2088; x_wconf 90' lang='lat' dir='ltr'><strong>die</strong></span> <span class='ocrx_word' id='word_1_151' title='bbox 1238 2026 1337 2086; x_wconf 85' lang='lat' dir='ltr'><strong>natali</strong></span> <span class='ocrx_word' id='word_1_152' title='bbox 1363 2021 1468 2085; x_wconf 84' lang='lat' dir='ltr'><strong>Christi</strong></span> 
     </span>
     <span class='ocr_line' id='line_1_18' title="bbox 245 2129 425 2195; baseline -0.006 -5"><span class='ocrx_word' id='word_1_153' title='bbox 245 2129 425 2195; x_wconf 83' lang='lat' dir='ltr'><strong>lllDllLVl.</strong></span> 
     </span>
     <span class='ocr_line' id='line_1_19' title="bbox 331 2230 841 2309; baseline -0.006 -15"><span class='ocrx_word' id='word_1_154' title='bbox 331 2230 466 2309; x_wconf 83' lang='lat' dir='ltr'><strong>Lycurgi</strong></span> <span class='ocrx_word' id='word_1_155' title='bbox 489 2230 668 2294; x_wconf 91' lang='lat' dir='ltr'><strong>orationem</strong></span> <span class='ocrx_word' id='word_1_156' title='bbox 695 2238 841 2308; x_wconf 87' lang='lat' dir='ltr'><strong>expecto.</strong></span> 
     </span>
     <span class='ocr_line' id='line_1_20' title="bbox 994 2331 1403 2412; baseline 0.012 -19"><span class='ocrx_word' id='word_1_157' title='bbox 994 2331 1198 2412; x_wconf 78' lang='lat' dir='ltr'><strong>sigimundus</strong></span> <span class='ocrx_word' id='word_1_158' title='bbox 1222 2333 1352 2394; x_wconf 87' lang='lat' dir='ltr'><strong>Gelous.</strong></span> <span class='ocrx_word' id='word_1_159' title='bbox 1399 2390 1403 2398; x_wconf 93' lang='lat'>.</span> 
     </span>
    </p>
   </div>
   <div class='ocr_carea' id='block_1_3' title="bbox 758 2470 964 2482">
    <p class='ocr_par' dir='ltr' id='par_1_3' title="bbox 758 2470 964 2482">
     <span class='ocr_line' id='line_1_21' title="bbox 758 2470 964 2482; baseline 0 -2"><span class='ocrx_word' id='word_1_160' title='bbox 758 2470 964 2482; x_wconf 62' lang='lat' dir='ltr'>——fl—a-—u</span> 
     </span>
    </p>
   </div>
   <div class='ocr_carea' id='block_1_4' title="bbox 246 2567 1467 2654">
    <p class='ocr_par' dir='ltr' id='par_1_4' title="bbox 246 2567 1467 2654">
     <span class='ocr_line' id='line_1_22' title="bbox 246 2567 1467 2654; baseline -0.007 -20"><span class='ocrx_word' id='word_1_161' title='bbox 246 2571 315 2636; x_wconf 79' lang='lat' dir='ltr'><strong>ara.</strong></span> <span class='ocrx_word' id='word_1_162' title='bbox 348 2570 528 2633; x_wconf 58' lang='lat' dir='ltr'><strong>macas».</strong></span> <span class='ocrx_word' id='word_1_163' title='bbox 573 2575 651 2653; x_wconf 67' lang='lat' dir='ltr'><strong>qva.</strong></span> <span class='ocrx_word' id='word_1_164' title='bbox 668 2573 720 2632; x_wconf 83' lang='lat' dir='ltr'><strong>vr.</strong></span> <span class='ocrx_word' id='word_1_165' title='bbox 743 2593 769 2647; x_wconf 76' lang='lat' dir='ltr'><strong>p.</strong></span> <span class='ocrx_word' id='word_1_166' title='bbox 788 2569 874 2654; x_wconf 84' lang='lat' dir='ltr'><strong>aaa.)</strong></span> <span class='ocrx_word' id='word_1_167' title='bbox 1262 2567 1349 2654; x_wconf 71' lang='lat' dir='ltr'><strong>(anno</strong></span> <span class='ocrx_word' id='word_1_168' title='bbox 1367 2570 1467 2644; x_wconf 76' lang='lat' dir='ltr'><strong>tator)</strong></span> 
     </span>
    </p>
   </div>
   <div class='ocr_carea' id='block_1_5' title="bbox 347 2658 1462 2686">
    <p class='ocr_par' dir='ltr' id='par_1_5' title="bbox 347 2658 1462 2686">
     <span class='ocr_line' id='line_1_23' title="bbox 347 2658 1462 2686; baseline -0.002 -2"><span class='ocrx_word' id='word_1_169' title='bbox 347 2659 508 2686; x_wconf 52' lang='lat' dir='ltr'>M</span> <span class='ocrx_word' id='word_1_170' title='bbox 1278 2658 1462 2682; x_wconf 65' lang='grc' dir='ltr'><strong>Μ</strong></span> 
     </span>
    </p>
   </div>
   <div class='ocr_carea' id='block_1_6' title="bbox 680 2701 1033 2811">
    <p class='ocr_par' dir='ltr' id='par_1_6' title="bbox 680 2701 1033 2811">
     <span class='ocr_line' id='line_1_24' title="bbox 680 2701 1033 2811; baseline 0 -11"><span class='ocrx_word' id='word_1_171' title='bbox 680 2701 848 2805; x_wconf 74' lang='lat' dir='ltr'><strong>Martiae</strong></span> <span class='ocrx_word' id='word_1_172' title='bbox 877 2733 1033 2811; x_wconf 78' lang='lat' dir='ltr'><strong>Bucero.</strong></span> 
     </span>
    </p>
   </div>
   <div class='ocr_carea' id='block_1_7' title="bbox 312 2861 1466 3536">
    <p class='ocr_par' dir='ltr' id='par_1_7' title="bbox 312 2861 1466 3536">
     <span class='ocr_line' id='line_1_25' title="bbox 312 2861 1466 2933; baseline -0.004 -17"><span class='ocrx_word' id='word_1_173' title='bbox 312 2866 385 2917; x_wconf 85' lang='lat' dir='ltr'><strong>liaeo</strong></span> <span class='ocrx_word' id='word_1_174' title='bbox 403 2864 520 2933; x_wconf 78' lang='lat' dir='ltr'><strong>epistola</strong></span> <span class='ocrx_word' id='word_1_175' title='bbox 539 2869 567 2914; x_wconf 88' lang='lat' dir='ltr'><strong>et</strong></span> <span class='ocrx_word' id='word_1_176' title='bbox 585 2869 641 2914; x_wconf 81' lang='lat' dir='ltr'><strong>tres</strong></span> <span class='ocrx_word' id='word_1_177' title='bbox 660 2862 859 2928; x_wconf 77' lang='lat' dir='ltr'><strong>subsequentes</strong></span> <span class='ocrx_word' id='word_1_178' title='bbox 884 2863 1001 2928; x_wconf 90' lang='lat' dir='ltr'><strong>primum</strong></span> <span class='ocrx_word' id='word_1_179' title='bbox 1027 2862 1118 2914; x_wconf 88' lang='lat' dir='ltr'><strong>editae</strong></span> <span class='ocrx_word' id='word_1_180' title='bbox 1143 2869 1205 2916; x_wconf 80' lang='lat' dir='ltr'><strong>suut</strong></span> <span class='ocrx_word' id='word_1_181' title='bbox 1226 2879 1241 2913; x_wconf 87' lang='lat' dir='ltr'><strong>a</strong></span> <span class='ocrx_word' id='word_1_182' title='bbox 1259 2863 1324 2916; x_wconf 77' lang='lat' dir='ltr'><strong>liar.</strong></span> <span class='ocrx_word' id='word_1_183' title='bbox 1344 2864 1408 2916; x_wconf 87' lang='lat' dir='ltr'><strong>Viro</strong></span> <span class='ocrx_word' id='word_1_184' title='bbox 1426 2861 1466 2911; x_wconf 82' lang='lat' dir='ltr'><strong>Ca·</strong></span> 
     </span>
     <span class='ocr_line' id='line_1_26' title="bbox 346 2945 1466 3016; baseline -0.004 -14"><span class='ocrx_word' id='word_1_185' title='bbox 346 2953 403 3004; x_wconf 91' lang='lat' dir='ltr'><strong>rolo</strong></span> <span class='ocrx_word' id='word_1_186' title='bbox 426 2949 549 3004; x_wconf 86' lang='lat' dir='ltr'><strong>Schmidt</strong></span> <span class='ocrx_word' id='word_1_187' title='bbox 577 2950 604 3000; x_wconf 88' lang='lat' dir='ltr'><strong>in</strong></span> <span class='ocrx_word' id='word_1_188' title='bbox 630 2947 692 3000; x_wconf 81' lang='lat' dir='ltr'><strong>Chr.</strong></span> <span class='ocrx_word' id='word_1_189' title='bbox 714 2947 785 3002; x_wconf 87' lang='lat' dir='ltr'><strong>Guil.</strong></span> <span class='ocrx_word' id='word_1_190' title='bbox 807 2947 935 3004; x_wconf 82' lang='lat' dir='ltr'><strong>Niedneri</strong></span> <span class='ocrx_word' id='word_1_191' title='bbox 959 2947 1187 3016; x_wconf 82' lang='lat' dir='ltr'><strong>Ephemeridibue</strong></span> <span class='ocrx_word' id='word_1_192' title='bbox 1210 2945 1348 3016; x_wconf 62' lang='grc' dir='ltr'><strong>θιίιιιῌιίῇ</strong></span> <span class='ocrx_word' id='word_1_193' title='bbox 1376 2946 1414 3013; x_wconf 71' lang='lat' dir='ltr'><strong>itit</strong></span> <span class='ocrx_word' id='word_1_194' title='bbox 1436 2945 1466 2998; x_wconf 83' lang='lat' dir='ltr'><strong>bit</strong></span> 
     </span>
     <span class='ocr_line' id='line_1_27' title="bbox 346 3031 1465 3106; baseline -0.007 -15"><span class='ocrx_word' id='word_1_195' title='bbox 346 3034 479 3106; x_wconf 75' lang='lat' dir='ltr'><strong>ititotiicie</strong></span> <span class='ocrx_word' id='word_1_196' title='bbox 498 3033 630 3102; x_wconf 60' lang='lat' dir='ltr'><strong>iiaotoqle</strong></span> <span class='ocrx_word' id='word_1_197' title='bbox 651 3036 714 3084; x_wconf 88' lang='lat' dir='ltr'><strong>anni</strong></span> <span class='ocrx_word' id='word_1_198' title='bbox 734 3034 810 3087; x_wconf 78' lang='lat'>1846.</span> <span class='ocrx_word' id='word_1_199' title='bbox 837 3033 905 3085; x_wconf 77' lang='lat' dir='ltr'><strong>taso.</strong></span> <span class='ocrx_word' id='word_1_200' title='bbox 920 3033 968 3083; x_wconf 90' lang='lat' dir='ltr'><strong>Ill.</strong></span> <span class='ocrx_word' id='word_1_201' title='bbox 989 3037 1184 3101; x_wconf 78' lang='lat' dir='ltr'><strong>p.433-442.</strong></span> <span class='ocrx_word' id='word_1_202' title='bbox 1204 3035 1253 3086; x_wconf 86' lang='lat' dir='ltr'><strong>No.</strong></span> <span class='ocrx_word' id='word_1_203' title='bbox 1269 3035 1343 3087; x_wconf 85' lang='lat' dir='ltr'><strong>XVI.</strong></span> <span class='ocrx_word' id='word_1_204' title='bbox 1377 3031 1465 3100; x_wconf 65' lang='lat' dir='ltr'><strong>„breta</strong></span> 
     </span>
     <span class='ocr_line' id='line_1_28' title="bbox 346 3115 1465 3193; baseline -0.009 -16"><span class='ocrx_word' id='word_1_205' title='bbox 346 3125 402 3193; x_wconf 71' lang='lat' dir='ltr'><strong>geio</strong></span> <span class='ocrx_word' id='word_1_206' title='bbox 427 3120 582 3193; x_wconf 80' lang='lat' dir='ltr'><strong>uuqrbtudte</strong></span> <span class='ocrx_word' id='word_1_207' title='bbox 600 3116 688 3184; x_wconf 68' lang='lat' dir='ltr'><strong>liciata</strong></span> <span class='ocrx_word' id='word_1_208' title='bbox 708 3115 916 3184; x_wconf 55' lang='lat' dir='ltr'><strong>walcaudum</strong></span> <span class='ocrx_word' id='word_1_209' title='bbox 942 3125 989 3174; x_wconf 79' lang='lat' dir='ltr'><strong>aaa</strong></span> <span class='ocrx_word' id='word_1_210' title='bbox 1016 3119 1069 3173; x_wconf 83' lang='lat' dir='ltr'><strong>bem</strong></span> <span class='ocrx_word' id='word_1_211' title='bbox 1096 3119 1182 3185; x_wconf 65' lang='lat' dir='ltr'><strong>badio</strong></span> <span class='ocrx_word' id='word_1_212' title='bbox 1206 3123 1248 3174; x_wconf 79' lang='lat' dir='ltr'><strong>bra</strong></span> <span class='ocrx_word' id='word_1_213' title='bbox 1273 3115 1465 3186; x_wconf 73' lang='lat' dir='ltr'><strong>atoteitonttt&#39;qer</strong></span> 
     </span>
     <span class='ocr_line' id='line_1_29' title="bbox 343 3201 1465 3278; baseline -0.011 -14"><span class='ocrx_word' id='word_1_214' title='bbox 343 3209 479 3278; x_wconf 57' lang='lat' dir='ltr'><strong>&amp;emitote</strong></span> <span class='ocrx_word' id='word_1_215' title='bbox 501 3221 530 3276; x_wconf 69' lang='lat' dir='ltr'><strong>gu</strong></span> <span class='ocrx_word' id='word_1_216' title='bbox 555 3201 736 3274; x_wconf 56' lang='lat' dir='ltr'><strong>&amp;itcfibutgss‘</strong></span> <span class='ocrx_word' id='word_1_217' title='bbox 781 3205 922 3274; x_wconf 83' lang='lat' dir='ltr'><strong>Epistolae</strong></span> <span class='ocrx_word' id='word_1_218' title='bbox 941 3209 965 3256; x_wconf 84' lang='grc'><strong>4.</strong></span> <span class='ocrx_word' id='word_1_219' title='bbox 991 3205 1030 3274; x_wconf 88' lang='lat' dir='ltr'><strong>(p.</strong></span> <span class='ocrx_word' id='word_1_220' title='bbox 1049 3207 1100 3259; x_wconf 89' lang='grc'><strong>435</strong></span> <span class='ocrx_word' id='word_1_221' title='bbox 1119 3206 1174 3272; x_wconf 85' lang='lat' dir='ltr'><strong>eq.)</strong></span> <span class='ocrx_word' id='word_1_222' title='bbox 1193 3206 1289 3258; x_wconf 77' lang='lat' dir='ltr'><strong>Editor</strong></span> <span class='ocrx_word' id='word_1_223' title='bbox 1307 3207 1376 3257; x_wconf 88' lang='lat' dir='ltr'><strong>haec</strong></span> <span class='ocrx_word' id='word_1_224' title='bbox 1395 3205 1465 3256; x_wconf 88' lang='lat' dir='ltr'><strong>aduo-</strong></span> 
     </span>
     <span class='ocr_line' id='line_1_30' title="bbox 342 3288 1464 3363; baseline -0.006 -12"><span class='ocrx_word' id='word_1_225' title='bbox 342 3299 425 3351; x_wconf 82' lang='lat' dir='ltr'><strong>tarit:</strong></span> <span class='ocrx_word' id='word_1_226' title='bbox 450 3293 568 3363; x_wconf 73' lang='lat' dir='ltr'><strong>„illata</strong></span> <span class='ocrx_word' id='word_1_227' title='bbox 583 3290 674 3359; x_wconf 64' lang='lat' dir='ltr'><strong>bairi,</strong></span> <span class='ocrx_word' id='word_1_228' title='bbox 700 3291 724 3357; x_wconf 77' lang='lat' dir='ltr'><strong>io</strong></span> <span class='ocrx_word' id='word_1_229' title='bbox 743 3292 789 3347; x_wconf 83' lang='lat' dir='ltr'><strong>tate</strong></span> <span class='ocrx_word' id='word_1_230' title='bbox 807 3293 844 3346; x_wconf 76' lang='grc' dir='ltr'><strong>ιιι</strong></span> <span class='ocrx_word' id='word_1_231' title='bbox 861 3292 911 3346; x_wconf 78' lang='lat' dir='ltr'><strong>otri</strong></span> <span class='ocrx_word' id='word_1_232' title='bbox 929 3289 1057 3361; x_wconf 69' lang='lat' dir='ltr'><strong>fulgenter</strong></span> <span class='ocrx_word' id='word_1_233' title='bbox 1076 3292 1177 3362; x_wconf 76' lang='lat' dir='ltr'><strong>[Epist.</strong></span> <span class='ocrx_word' id='word_1_234' title='bbox 1187 3297 1264 3347; x_wconf 72' lang='lat' dir='ltr'><strong>b-t.</strong></span> <span class='ocrx_word' id='word_1_235' title='bbox 1284 3293 1324 3362; x_wconf 91' lang='lat' dir='ltr'><strong>(p.</strong></span> <span class='ocrx_word' id='word_1_236' title='bbox 1337 3288 1464 3356; x_wconf 67' lang='lat' dir='ltr'><strong>tddsqii</strong></span> 
     </span>
     <span class='ocr_line' id='line_1_31' title="bbox 345 3375 1464 3447; baseline -0.009 -9"><span class='ocrx_word' id='word_1_237' title='bbox 345 3381 393 3447; x_wconf 82' lang='lat' dir='ltr'><strong>tint</strong></span> <span class='ocrx_word' id='word_1_238' title='bbox 410 3382 437 3436; x_wconf 87' lang='lat' dir='ltr'><strong>tn</strong></span> <span class='ocrx_word' id='word_1_239' title='bbox 455 3384 495 3436; x_wconf 81' lang='lat' dir='ltr'><strong>ber</strong></span> <span class='ocrx_word' id='word_1_240' title='bbox 513 3380 579 3434; x_wconf 79' lang='lat' dir='ltr'><strong>otico</strong></span> <span class='ocrx_word' id='word_1_241' title='bbox 598 3375 717 3445; x_wconf 72' lang='lat' dir='ltr'><strong>ittidritt</strong></span> <span class='ocrx_word' id='word_1_242' title='bbox 737 3379 798 3446; x_wconf 81' lang='lat' dir='ltr'><strong>(aaa</strong></span> <span class='ocrx_word' id='word_1_243' title='bbox 814 3381 867 3433; x_wconf 82' lang='lat' dir='ltr'><strong>bea</strong></span> <span class='ocrx_word' id='word_1_244' title='bbox 887 3379 927 3432; x_wconf 81' lang='lat' dir='ltr'><strong>ta.</strong></span> <span class='ocrx_word' id='word_1_245' title='bbox 947 3375 1052 3446; x_wconf 65' lang='lat' dir='ltr'><strong>Satri.)</strong></span> <span class='ocrx_word' id='word_1_246' title='bbox 1072 3377 1132 3443; x_wconf 78' lang='lat' dir='ltr'><strong>cine</strong></span> <span class='ocrx_word' id='word_1_247' title='bbox 1150 3377 1256 3433; x_wconf 60' lang='lat' dir='ltr'><strong>Daton.</strong></span> <span class='ocrx_word' id='word_1_248' title='bbox 1284 3378 1341 3436; x_wconf 66' lang='lat' dir='ltr'><strong>but</strong></span> <span class='ocrx_word' id='word_1_249' title='bbox 1358 3382 1409 3434; x_wconf 78' lang='lat' dir='ltr'><strong>beat</strong></span> <span class='ocrx_word' id='word_1_250' title='bbox 1420 3375 1464 3439; x_wconf 72' lang='lat' dir='ltr'><strong>iic</strong></span> 
     </span>
     <span class='ocr_line' id='line_1_32' title="bbox 345 3460 1462 3536; baseline -0.009 -12"><span class='ocrx_word' id='word_1_251' title='bbox 345 3469 412 3535; x_wconf 76' lang='lat' dir='ltr'><strong>batte</strong></span> <span class='ocrx_word' id='word_1_252' title='bbox 431 3465 517 3536; x_wconf 75' lang='lat' dir='ltr'><strong>[artat</strong></span> <span class='ocrx_word' id='word_1_253' title='bbox 534 3464 579 3520; x_wconf 79' lang='lat' dir='ltr'><strong>aa</strong></span> <span class='ocrx_word' id='word_1_254' title='bbox 597 3464 656 3519; x_wconf 80' lang='lat' dir='ltr'><strong>obet</strong></span> <span class='ocrx_word' id='word_1_255' title='bbox 674 3463 882 3534; x_wconf 70' lang='lat' dir='ltr'><strong>teneorquqcirc,</strong></span> <span class='ocrx_word' id='word_1_256' title='bbox 906 3462 954 3530; x_wconf 76' lang='lat' dir='ltr'><strong>bai</strong></span> <span class='ocrx_word' id='word_1_257' title='bbox 974 3462 1003 3530; x_wconf 79' lang='lat' dir='ltr'><strong>tie</strong></span> <span class='ocrx_word' id='word_1_258' title='bbox 1021 3479 1064 3534; x_wconf 76' lang='lat' dir='ltr'><strong>qut</strong></span> <span class='ocrx_word' id='word_1_259' title='bbox 1081 3464 1138 3532; x_wconf 57' lang='lat' dir='ltr'><strong>,deit</strong></span> <span class='ocrx_word' id='word_1_260' title='bbox 1162 3467 1204 3520; x_wconf 79' lang='lat' dir='ltr'><strong>bea</strong></span> <span class='ocrx_word' id='word_1_261' title='bbox 1224 3465 1401 3534; x_wconf 66' lang='lat' dir='ltr'><strong>tepeaaauqa</strong></span> <span class='ocrx_word' id='word_1_262' title='bbox 1418 3460 1462 3515; x_wconf 73' lang='lat' dir='ltr'><strong>dte</strong></span> 
     </span>
    </p>
   </div>
   <div class='ocr_carea' id='block_1_8' title="bbox 344 3547 1462 3694">
    <p class='ocr_par' dir='ltr' id='par_1_8' title="bbox 344 3547 1462 3694">
     <span class='ocr_line' id='line_1_33' title="bbox 346 3547 1462 3624; baseline -0.013 -13"><span class='ocrx_word' id='word_1_263' title='bbox 346 3552 457 3624; x_wconf 60' lang='lat' dir='ltr'><strong>intimi,</strong></span> <span class='ocrx_word' id='word_1_264' title='bbox 477 3568 507 3624; x_wconf 69' lang='lat' dir='ltr'><strong>qu</strong></span> <span class='ocrx_word' id='word_1_265' title='bbox 525 3549 626 3622; x_wconf 57' lang='lat' dir='ltr'><strong>Qniaug</strong></span> <span class='ocrx_word' id='word_1_266' title='bbox 648 3553 730 3617; x_wconf 76' lang='lat'><strong>1546,</strong></span> <span class='ocrx_word' id='word_1_267' title='bbox 756 3549 904 3621; x_wconf 66' lang='lat' dir='ltr'><strong>qtidtltbttt</strong></span> <span class='ocrx_word' id='word_1_268' title='bbox 921 3547 1006 3616; x_wconf 66' lang='lat' dir='ltr'><strong>finbfl</strong></span> <span class='ocrx_word' id='word_1_269' title='bbox 1043 3551 1119 3604; x_wconf 75' lang='lat' dir='ltr'><strong>cont.</strong></span> <span class='ocrx_word' id='word_1_270' title='bbox 1140 3559 1230 3604; x_wconf 89' lang='lat' dir='ltr'><strong>autem</strong></span> <span class='ocrx_word' id='word_1_271' title='bbox 1254 3569 1324 3618; x_wconf 89' lang='lat' dir='ltr'><strong>quae</strong></span> <span class='ocrx_word' id='word_1_272' title='bbox 1343 3549 1462 3618; x_wconf 85' lang='lat' dir='ltr'><strong>epistolae</strong></span> 
     </span>
     <span class='ocr_line' id='line_1_34' title="bbox 344 3641 571 3694; baseline 0 0"><span class='ocrx_word' id='word_1_273' title='bbox 344 3643 404 3694; x_wconf 81' lang='lat'><strong>314.</strong></span> <span class='ocrx_word' id='word_1_274' title='bbox 426 3641 571 3694; x_wconf 86' lang='lat' dir='ltr'><strong>annotabo.</strong></span> 
     </span>
    </p>
   </div>
   <div class='ocr_carea' id='block_1_9' title="bbox 331 3755 1386 3847">
    <p class='ocr_par' dir='ltr' id='par_1_9' title="bbox 331 3755 1386 3847">
     <span class='ocr_line' id='line_1_35' title="bbox 331 3755 1386 3847; baseline -0.004 -21"><span class='ocrx_word' id='word_1_275' title='bbox 331 3759 411 3826; x_wconf 81' lang='lat' dir='ltr'><strong>Viro</strong></span> <span class='ocrx_word' id='word_1_276' title='bbox 434 3769 554 3847; x_wconf 81' lang='lat' dir='ltr'><strong>optimo</strong></span> <span class='ocrx_word' id='word_1_277' title='bbox 576 3757 622 3822; x_wconf 88' lang='lat' dir='ltr'><strong>D.</strong></span> <span class='ocrx_word' id='word_1_278' title='bbox 642 3759 832 3822; x_wconf 76' lang='lat' dir='ltr'><strong>Martiae</strong></span> <span class='ocrx_word' id='word_1_279' title='bbox 854 3755 1031 3834; x_wconf 83' lang='lat' dir='ltr'><strong>Bucero,</strong></span> <span class='ocrx_word' id='word_1_280' title='bbox 1054 3767 1161 3824; x_wconf 77' lang='lat' dir='ltr'><strong>amico</strong></span> <span class='ocrx_word' id='word_1_281' title='bbox 1183 3759 1386 3824; x_wconf 76' lang='lat' dir='ltr'><strong>charissimo.</strong></span> 
     </span>
    </p>
   </div>
   <div class='ocr_carea' id='block_1_10' title="bbox 172 3881 1462 4685">
    <p class='ocr_par' dir='ltr' id='par_1_10' title="bbox 172 3881 1462 4685">
     <span class='ocr_line' id='line_1_36' title="bbox 327 3881 1462 3962; baseline -0.005 -14"><span class='ocrx_word' id='word_1_282' title='bbox 327 3888 356 3948; x_wconf 86' lang='lat' dir='ltr'><strong>S.</strong></span> <span class='ocrx_word' id='word_1_283' title='bbox 371 3888 409 3950; x_wconf 86' lang='lat' dir='ltr'><strong>D.</strong></span> <span class='ocrx_word' id='word_1_284' title='bbox 442 3885 517 3947; x_wconf 89' lang='lat' dir='ltr'><strong>Sum</strong></span> <span class='ocrx_word' id='word_1_285' title='bbox 540 3883 691 3962; x_wconf 89' lang='lat' dir='ltr'><strong>equidem</strong></span> <span class='ocrx_word' id='word_1_286' title='bbox 712 3901 826 3961; x_wconf 83' lang='lat' dir='ltr'><strong>tnagno</strong></span> <span class='ocrx_word' id='word_1_287' title='bbox 850 3884 883 3944; x_wconf 92' lang='lat' dir='ltr'><strong>in</strong></span> <span class='ocrx_word' id='word_1_288' title='bbox 906 3885 1032 3955; x_wconf 87' lang='lat' dir='ltr'><strong>dolore,</strong></span> <span class='ocrx_word' id='word_1_289' title='bbox 1056 3903 1094 3946; x_wconf 90' lang='lat' dir='ltr'><strong>ac</strong></span> <span class='ocrx_word' id='word_1_290' title='bbox 1116 3887 1301 3962; x_wconf 86' lang='lat' dir='ltr'><strong>lachrymae</strong></span> <span class='ocrx_word' id='word_1_291' title='bbox 1318 3883 1394 3948; x_wconf 87' lang='lat' dir='ltr'><strong>mihi</strong></span> <span class='ocrx_word' id='word_1_292' title='bbox 1409 3881 1462 3942; x_wconf 85' lang='lat' dir='ltr'><strong>ian</strong></span> 
     </span>
     <span class='ocr_line' id='line_1_37' title="bbox 241 3985 1462 4067; baseline -0.006 -15"><span class='ocrx_word' id='word_1_293' title='bbox 241 3987 415 4067; x_wconf 88' lang='lat' dir='ltr'><strong>aliquoties</strong></span> <span class='ocrx_word' id='word_1_294' title='bbox 437 3989 574 4050; x_wconf 87' lang='lat' dir='ltr'><strong>ubertim</strong></span> <span class='ocrx_word' id='word_1_295' title='bbox 596 3987 763 4048; x_wconf 85' lang='lat' dir='ltr'><strong>duxerunt.</strong></span> <span class='ocrx_word' id='word_1_296' title='bbox 798 3985 864 4047; x_wconf 86' lang='lat' dir='ltr'><strong>Nec</strong></span> <span class='ocrx_word' id='word_1_297' title='bbox 886 4001 971 4048; x_wconf 89' lang='lat' dir='ltr'><strong>meas</strong></span> <span class='ocrx_word' id='word_1_298' title='bbox 993 3986 1138 4050; x_wconf 89' lang='lat' dir='ltr'><strong>actiones</strong></span> <span class='ocrx_word' id='word_1_299' title='bbox 1152 3990 1367 4066; x_wconf 85' lang='lat' dir='ltr'><strong>reprehendo,</strong></span> <span class='ocrx_word' id='word_1_300' title='bbox 1390 3998 1462 4062; x_wconf 84' lang='lat' dir='ltr'><strong>quae</strong></span> 
     </span>
     <span class='ocr_line' id='line_1_38' title="bbox 242 4086 1460 4166; baseline -0.005 -14"><span class='ocrx_word' id='word_1_301' title='bbox 242 4099 275 4154; x_wconf 91' lang='lat' dir='ltr'><strong>et</strong></span> <span class='ocrx_word' id='word_1_302' title='bbox 295 4092 479 4154; x_wconf 87' lang='lat' dir='ltr'><strong>moderatae</strong></span> <span class='ocrx_word' id='word_1_303' title='bbox 503 4097 535 4150; x_wconf 92' lang='lat' dir='ltr'><strong>et</strong></span> <span class='ocrx_word' id='word_1_304' title='bbox 558 4090 716 4166; x_wconf 88' lang='lat' dir='ltr'><strong>ingenuae</strong></span> <span class='ocrx_word' id='word_1_305' title='bbox 740 4106 816 4150; x_wconf 90' lang='lat' dir='ltr'><strong>cum·</strong></span> <span class='ocrx_word' id='word_1_306' title='bbox 833 4089 935 4160; x_wconf 78' lang='lat' dir='ltr'><strong>alias,</strong></span> <span class='ocrx_word' id='word_1_307' title='bbox 953 4095 1019 4149; x_wconf 86' lang='lat' dir='ltr'><strong>turn</strong></span> <span class='ocrx_word' id='word_1_308' title='bbox 1039 4091 1137 4154; x_wconf 88' lang='lat' dir='ltr'><strong>etiam</strong></span> <span class='ocrx_word' id='word_1_309' title='bbox 1154 4090 1207 4153; x_wconf 89' lang='lat' dir='ltr'><strong>hic</strong></span> <span class='ocrx_word' id='word_1_310' title='bbox 1222 4093 1355 4154; x_wconf 88' lang='lat' dir='ltr'><strong>luerunt.</strong></span> <span class='ocrx_word' id='word_1_311' title='bbox 1387 4086 1460 4150; x_wconf 89' lang='lat' dir='ltr'><strong>Prin·</strong></span> 
     </span>
     <span class='ocr_line' id='line_1_39' title="bbox 241 4187 1460 4272; baseline -0.006 -17"><span class='ocrx_word' id='word_1_312' title='bbox 241 4193 349 4272; x_wconf 90' lang='lat' dir='ltr'><strong>cipum</strong></span> <span class='ocrx_word' id='word_1_313' title='bbox 371 4191 451 4256; x_wconf 81' lang='lat' dir='ltr'><strong>rnlhi</strong></span> <span class='ocrx_word' id='word_1_314' title='bbox 475 4190 612 4254; x_wconf 89' lang='lat' dir='ltr'><strong>consilia</strong></span> <span class='ocrx_word' id='word_1_315' title='bbox 633 4190 826 4268; x_wconf 86' lang='lat' dir='ltr'><strong>displicent,</strong></span> <span class='ocrx_word' id='word_1_316' title='bbox 856 4194 886 4252; x_wconf 89' lang='lat' dir='ltr'><strong>in</strong></span> <span class='ocrx_word' id='word_1_317' title='bbox 911 4192 1028 4268; x_wconf 90' lang='lat' dir='ltr'><strong>quibus</strong></span> <span class='ocrx_word' id='word_1_318' title='bbox 1052 4193 1197 4256; x_wconf 87' lang='lat' dir='ltr'><strong>omnibus</strong></span> <span class='ocrx_word' id='word_1_319' title='bbox 1220 4195 1364 4272; x_wconf 84' lang='lat' dir='ltr'><strong>prolecto</strong></span> <span class='ocrx_word' id='word_1_320' title='bbox 1386 4187 1460 4252; x_wconf 88' lang='lat' dir='ltr'><strong>desi-</strong></span> 
     </span>
     <span class='ocr_line' id='line_1_40' title="bbox 240 4293 1459 4374; baseline -0.006 -18"><span class='ocrx_word' id='word_1_321' title='bbox 240 4297 317 4358; x_wconf 90' lang='lat' dir='ltr'><strong>dero</strong></span> <span class='ocrx_word' id='word_1_322' title='bbox 342 4311 412 4356; x_wconf 89' lang='lat' dir='ltr'><strong>cam</strong></span> <span class='ocrx_word' id='word_1_323' title='bbox 434 4295 683 4374; x_wconf 88' lang='lat' dir='ltr'><strong>magnitudinem</strong></span> <span class='ocrx_word' id='word_1_324' title='bbox 698 4293 811 4356; x_wconf 87' lang='lat' dir='ltr'><strong>animi</strong></span> <span class='ocrx_word' id='word_1_325' title='bbox 839 4312 932 4370; x_wconf 87' lang='lat' dir='ltr'><strong>quam</strong></span> <span class='ocrx_word' id='word_1_326' title='bbox 956 4313 1052 4357; x_wconf 89' lang='lat' dir='ltr'><strong>causa</strong></span> <span class='ocrx_word' id='word_1_327' title='bbox 1075 4299 1265 4374; x_wconf 82' lang='lat' dir='ltr'><strong>postulabat.</strong></span> <span class='ocrx_word' id='word_1_328' title='bbox 1320 4295 1396 4369; x_wconf 82' lang='lat' dir='ltr'><strong>Quid</strong></span> <span class='ocrx_word' id='word_1_329' title='bbox 1418 4297 1459 4352; x_wconf 90' lang='lat' dir='ltr'><strong>est</strong></span> 
     </span>
     <span class='ocr_line' id='line_1_41' title="bbox 241 4397 1457 4478; baseline -0.007 -18"><span class='ocrx_word' id='word_1_330' title='bbox 241 4401 342 4470; x_wconf 86' lang='lat' dir='ltr'><strong>enirn,</strong></span> <span class='ocrx_word' id='word_1_331' title='bbox 365 4405 407 4460; x_wconf 91' lang='lat' dir='ltr'><strong>ut.</strong></span> <span class='ocrx_word' id='word_1_332' title='bbox 422 4398 547 4461; x_wconf 80' lang='lat' dir='ltr'><strong>irtfinita</strong></span> <span class='ocrx_word' id='word_1_333' title='bbox 568 4397 728 4469; x_wconf 90' lang='lat' dir='ltr'><strong>omittam,</strong></span> <span class='ocrx_word' id='word_1_334' title='bbox 753 4400 841 4474; x_wconf 84' lang='lat' dir='ltr'><strong>quod</strong></span> <span class='ocrx_word' id='word_1_335' title='bbox 861 4401 925 4462; x_wconf 89' lang='lat' dir='ltr'><strong>iam</strong></span> <span class='ocrx_word' id='word_1_336' title='bbox 947 4399 1105 4478; x_wconf 85' lang='lat' dir='ltr'><strong>denegant</strong></span> <span class='ocrx_word' id='word_1_337' title='bbox 1128 4402 1250 4462; x_wconf 87' lang='lat' dir='ltr'><strong>auxilie</strong></span> <span class='ocrx_word' id='word_1_338' title='bbox 1274 4408 1379 4464; x_wconf 91' lang='lat' dir='ltr'><strong>contra</strong></span> <span class='ocrx_word' id='word_1_339' title='bbox 1393 4399 1457 4456; x_wconf 90' lang='lat' dir='ltr'><strong>Tur-</strong></span> 
     </span>
     <span class='ocr_line' id='line_1_42' title="bbox 240 4493 1459 4578; baseline 0.002 -12"><span class='ocrx_word' id='word_1_340' title='bbox 240 4499 322 4566; x_wconf 84' lang='lat' dir='ltr'><strong>cosi</strong></span> <span class='ocrx_word' id='word_1_341' title='bbox 366 4499 491 4563; x_wconf 89' lang='lat' dir='ltr'><strong>Deinde</strong></span> <span class='ocrx_word' id='word_1_342' title='bbox 514 4502 576 4562; x_wconf 92' lang='lat' dir='ltr'><strong>hoc</strong></span> <span class='ocrx_word' id='word_1_343' title='bbox 599 4518 692 4578; x_wconf 90' lang='lat' dir='ltr'><strong>quam</strong></span> <span class='ocrx_word' id='word_1_344' title='bbox 715 4508 764 4564; x_wconf 89' lang='lat' dir='ltr'><strong>cst</strong></span> <span class='ocrx_word' id='word_1_345' title='bbox 787 4502 974 4573; x_wconf 90' lang='lat' dir='ltr'><strong>absurdum,</strong></span> <span class='ocrx_word' id='word_1_346' title='bbox 1004 4496 1089 4578; x_wconf 92' lang='lat' dir='ltr'><strong>quod</strong></span> <span class='ocrx_word' id='word_1_347' title='bbox 1118 4521 1188 4565; x_wconf 87' lang='lat' dir='ltr'><strong>eum</strong></span> <span class='ocrx_word' id='word_1_348' title='bbox 1218 4505 1280 4568; x_wconf 90' lang='lat' dir='ltr'><strong>hoo</strong></span> <span class='ocrx_word' id='word_1_349' title='bbox 1303 4503 1391 4566; x_wconf 91' lang='lat' dir='ltr'><strong>modo</strong></span> <span class='ocrx_word' id='word_1_350' title='bbox 1412 4493 1459 4569; x_wconf 76' lang='lat' dir='ltr'><strong>uit</strong></span> 
     </span>
     <span class='ocr_line' id='line_1_43' title="bbox 172 4599 1457 4685; baseline -0.007 -17"><span class='ocrx_word' id='word_1_351' title='bbox 172 4599 175 4608; x_wconf 79' lang='grc'><strong>’</strong></span> <span class='ocrx_word' id='word_1_352' title='bbox 238 4599 410 4685; x_wconf 72' lang='grc' dir='ltr'><strong>διαλλαγὰς</strong></span> <span class='ocrx_word' id='word_1_353' title='bbox 431 4604 550 4666; x_wconf 89' lang='lat' dir='ltr'><strong>vellent</strong></span> <span class='ocrx_word' id='word_1_354' title='bbox 579 4604 764 4675; x_wconf 90' lang='lat' dir='ltr'><strong>instituere,</strong></span> <span class='ocrx_word' id='word_1_355' title='bbox 799 4622 851 4666; x_wconf 89' lang='lat' dir='ltr'><strong>res</strong></span> <span class='ocrx_word' id='word_1_356' title='bbox 880 4625 943 4668; x_wconf 92' lang='lat' dir='ltr'><strong>non</strong></span> <span class='ocrx_word' id='word_1_357' title='bbox 972 4614 1021 4668; x_wconf 89' lang='lat' dir='ltr'><strong>est</strong></span> <span class='ocrx_word' id='word_1_358' title='bbox 1048 4606 1225 4669; x_wconf 88' lang='lat' dir='ltr'><strong>deliberata</strong></span> <span class='ocrx_word' id='word_1_359' title='bbox 1258 4611 1346 4670; x_wconf 89' lang='lat' dir='ltr'><strong>inter·</strong></span> <span class='ocrx_word' id='word_1_360' title='bbox 1361 4605 1457 4683; x_wconf 90' lang='lat' dir='ltr'><strong>plnres</strong></span> 
     </span>
    </p>
   </div>
   <div class='ocr_carea' id='block_1_11' title="bbox 0 0 1540 5208">
    <p class='ocr_par' dir='ltr' id='par_1_11' title="bbox 0 0 1540 5208">
     <span class='ocr_line' id='line_1_44' title="bbox 0 0 1540 5208; baseline 0 2"><span class='ocrx_word' id='word_1_361' title='bbox 0 0 1540 5208; x_wconf 95' lang='lat' dir='ltr'><strong> </strong></span> 
     </span>
    </p>
   </div>
  </div>
 </body>
</html>
