3064 5206
232 299 303 372 m
632 313 882 374 murnum
901 315 984 374 reu
1004 319 1080 380 nes.

239 472 339 534 serien
370 473 401 534 in
431 477 541 544 cumo,
579 473 653 535 nevi
684 489 742 550 per
775 476 903 550 istrum,
940 478 1119 538 cuiusmodi
1153 488 1282 540 sencias
1310 497 1402 542 voces
1434 480 1462 541 in

238 574 429 636 lectionibus
459 575 617 646 edideris,
652 575 832 638 cuiusmodi
863 595 978 655 greves
1009 581 1186 648 sententies
1217 584 1248 644 in
1274 584 1462 646 enarratione

236 676 480 758 Evangeliormn
512 675 696 756 protuleris.
748 677 937 756 iniquitates
960 690 1108 754 nostroe,
1140 683 1242 764 inquit
1269 686 1463 772 prophete¹),

238 799 330 857 quarn
355 789 468 842 ventus
492 782 691 842 abstulerunt
713 800 780 842 nos.
816 781 878 842 Sed
904 785 999 854 heec,
1023 785 1067 845 mi
1091 797 1301 866 praeceptor,
1323 791 1352 849 in
1370 791 1462 852 sinum

236 889 324 945 tuuin
349 879 477 944 effundo
502 876 535 945 ἕν
557 883 626 957 ταῖς
648 885 839 966 προςευχαῒς
861 873 1101 968 ἃγωνιζόμενος.
1139 880 1187 952 De
1210 909 1302 954 meee
1325 901 1462 953 senectae

237 985 413 1055 aerumnis,
436 981 476 1044 fl'e
500 981 568 1046 lilio
590 981 629 1044 bi.
656 986 747 1056 lbrre,
772 981 812 1046 ri'c
835 1005 917 1048 novo
937 989 1049 1050 domno
1067 976 1266 1069 Erphordiee
1280 988 1462 1054 amicissime

238 1099 360 1165 rengno
380 1088 520 1148 candore
550 1085 590 1148 ed
620 1099 671 1148 me
700 1086 830 1166 scripsit
859 1087 1064 1154 ltilicireel
1095 1093 1324 1174 Merenburgk,
1358 1104 1392 1156 ut
1421 1105 1461 1155 est

236 1200 329 1253 notus
358 1193 397 1252 ed
426 1189 625 1252 ediurendos
654 1192 784 1253 amicos.
840 1189 876 1253 Si
905 1193 1006 1256 lielee
1036 1205 1070 1258 m
1102 1199 1133 1258 in
1165 1199 1217 1260 bis
1249 1197 1329 1260 locis
1359 1199 1462 1259 vicinis

233 1297 316 1357 mibi
339 1311 406 1355 non
437 1295 577 1368 potnerit
606 1292 800 1369 hospitium,
839 1297 894 1357 ubi
922 1306 1072 1376 receptus
1103 1301 1179 1371 sim,
1216 1311 1251 1362 ut
1280 1310 1384 1363 temen
1414 1317 1462 1378 per

230 1399 413 1460 Etr-,ctorem
435 1397 602 1458 seniorem
633 1404 666 1456 et
686 1396 853 1476 principes
884 1399 1079 1478 impetrabo,
1111 1405 1309 1482 itatisponue
1338 1405 1461 1466 Senetns

130 1485 134 1498 ’
236 1516 273 1561 sc
302 1501 418 1562 obtulit
450 1498 527 1582 (iem
558 1499 676 1560 eutiitis
712 1499 866 1562 trimestri
898 1502 1109 1567 concionibus
1140 1505 1400 1585 dominicalibus)
1432 1523 1460 1567 se

170 1615 174 1622 ·
232 1606 333 1665 etiem
362 1603 438 1664 bere
465 1603 633 1679 decrepito
662 1601 735 1663 seni
763 1603 861 1667 ¹choro
895 1607 1096 1682 praebituros
1119 1609 1313 1688 hospitium,
1346 1612 1462 1673 delores

233 1709 402 1778 seierium,
436 1705 603 1767 adiuturos
632 1704 687 1780 τὴν
715 1709 848 1786 motae
882 1711 938 1772 nat
971 1707 1008 1772 ri
1044 1711 1146 1776 seva.
1205 1715 1294 1776 Dens
1323 1717 1380 1776 sub
1409 1715 1461 1772 boc

236 1811 357 1888 optimo
380 1807 526 1886 principe
549 1809 645 1870 iretre
668 1805 833 1872 illustriss.
854 1809 1004 1873 Electore
1026 1814 1150 1876 seniori
1173 1817 1263 1878 enies
1279 1823 1395 1877 tentum
1411 1831 1460 1892 per

236 1911 400 1973 biennium
432 1911 543 1970 videre
571 1910 681 1970 voluit.
732 1912 889 1974 Defuncto
921 1929 1003 1975 nunc
1033 1927 1105 1978 meo
1132 1917 1281 1996 principe
1312 1920 1391 1978 beec
1417 1931 1459 1976 se·
1514 1919 1515 1968 t

237 2031 338 2090 quens
361 2023 444 2075 nene
464 2005 580 2074 debilis
603 2019 692 2072 setes
714 2029 785 2074 mee
808 2015 860 2074 LX
882 2034 944 2078 non
968 2021 1118 2082 convenit
1141 2020 1234 2082 aulis.
1288 2021 1355 2082 Non
1376 2022 1459 2080 eulee

237 2134 298 2196 ego
322 2134 438 2188 senex,
462 2132 521 2176 nec
544 2113 627 2176 culis
651 2129 722 2192 ego.
767 2115 949 2194 Sereptem,
973 2137 1088 2197 spero,
1112 2123 1216 2200 eriget
1238 2125 1324 2185 Deus
1349 2129 1380 2181 et
1400 2121 1459 2180 red-

236 2222 291 2292 olet
312 2222 415 2296 eobue
437 2219 611 2280 auctiorem
634 2217 728 2278 donis
751 2226 782 2278 el
805 2220 906 2283 bouis.
939 2223 973 2283 lo
995 2231 1085 2286 orent
1099 2227 1274 2288 reccleeiee-
1292 2239 1410 2294 omues,
1430 2229 1458 2282 nt

234 2326 399 2386 Dens'oet
420 2320 583 2384 foeliciter
605 2318 674 2404 (vel
697 2321 818 2383 Helium
831 2321 1020 2386 Senonicum
1043 2329 1246 2391 concordiem
1269 2325 1458 2407 principum).

236 2427 336 2499 lines,
367 2427 410 2488 mi
439 2428 475 2488 D.
500 2419 653 2501 rmnppe
683 2426 791 2501 peter,
820 2422 945 2505 scripsi
970 2428 1075 2502 bono,
1113 2445 1248 2509 syncero
1288 2440 1320 2492 et
1350 2431 1457 2506 simpli-

229 2531 515 2599 cissimeenimo,
545 2532 706 2606 reserens
732 2529 916 2591 remonon
946 2533 1123 2605 aerumnis,
1157 2537 1236 2612 psal.
1257 2538 1283 2596 3.
1308 2536 1336 2594 ei
1364 2535 1457 2594 lorsen

232 2625 401 2698 simeoni
423 2637 455 2695 in
480 2633 584 2694 sinum
607 2623 702 2692 amru
726 2645 766 2692 co
783 2629 915 2696 iecllius
945 2637 1069 2700 enimes
1099 2633 1308 2720 acquiescere
1333 2652 1458 2718 possem·

235 2739 317 2799 Tere
340 2737 404 2798 iem
427 2739 459 2797 in
483 2736 625 2797 menibus
648 2743 720 2795 tuos
744 2735 832 2796 locos
856 2753 1039 2800 communes
1062 2743 1266 2802 recentiores.
1319 2741 1393 2801 Cum
1415 2735 1458 2798 bic
1513 2747 1514 2814 ζ

236 2841 320 2917 epud
343 2839 549 2918 gravissimos
573 2840 676 2908 viros,
708 2838 806 2900 etiem
839 2841 992 2916 quosdam
1013 2855 1057 2904 ex
1078 2847 1151 2906 euin
1175 2846 1288 2905 illustr.
1313 2841 1457 2921 principis
1513 2835 1514 2868 ³

233 2945 299 3006 Di).
323 2943 446 3006 moeror
471 2942 620 3004 envers
649 2941 806 3020 principis
833 2941 871 3004 in
898 2945 1028 3006 erudite
1059 2948 1225 3024 colloquio
1242 2951 1356 3008 nostro
1376 2946 1458 3004 fieret

233 3046 358 3108 metio
379 3045 515 3110 Consilii
538 3043 716 3106 Tridentini
747 3045 845 3124 (qood
876 3048 1021 3123 proxime
1045 3057 1179 3112 esstote
1206 3055 1293 3110 metu
1315 3061 1457 3111 eruorem

235 3151 397 3212 subiect
415 3148 560 3212 beletus
578 3163 676 3224 errem
705 3149 851 3214 bromlee
881 3150 1037 3232 evolavit)
1069 3154 1178 3214 cereri
1206 3153 1260 3212 hio
1287 3169 1394 3213 remens
1415 3163 1457 3207 er-

233 3255 308 3314 eutii
329 3255 540 3332 gerrnonioem
559 3250 806 3313 translationem
829 3252 931 3313 libelii
954 3255 1002 3314 tui
1026 3253 1252 3326 eruditissimi,
1283 3255 1337 3315 oui
1355 3252 1457 3314 iitulus

236 3359 388 3419 Geosee
401 3355 441 3435 'tr
477 3355 580 3418 recidi
609 3361 663 3415 eut
686 3353 862 3415 remorderi
891 3363 946 3416 tue
968 3355 1026 3420 ille
1049 3357 1144 3428 lime,
1178 3366 1214 3418 nl
1232 3355 1387 3426 erbitrer,
1408 3351 1457 3412 titt

230 3478 296 3521 non
320 3459 564 3537 displiciturum.
617 3456 744 3520 iteinde
769 3465 803 3518 et
815 3471 892 3518 -cum
911 3459 969 3520 liic
991 3459 1140 3536 quotidie
1163 3459 1333 3522 nideemes
1352 3463 1456 3520 tentem

234 3563 422 3625 verietetem
446 3558 684 3624 ldoiomenielis
708 3562 812 3622 cuitus
837 3563 870 3621 in
894 3562 1123 3632 istaecolesie.
1145 3571 1179 3624 et
1192 3563 1370 3633 eutiiemos,
1388 3575 1456 3636 qoe-

234 3668 327 3728 mooe
357 3668 564 3729 censionetor
593 3665 624 3726 in
654 3665 829 3726 oetbeeireli
860 3667 1001 3728 ecclesie
1027 3667 1197 3728 ebuccimet
1220 3683 1312 3727 sunm
1331 3655 1456 3726 senoni-

233 3771 304 3832 cete
324 3773 451 3834 eoelum
476 3780 506 3844 et
530 3785 640 3831 omnes
663 3768 701 3829 ei
722 3769 943 3830 obhaerentes
973 3773 1030 3831 sub
1053 3769 1153 3831 iitole
1170 3772 1228 3844 ιιῆς
1247 3765 1344 3852 siries
1364 3768 1456 3831 seio*
1512 3773 1513 3792 ³

234 3876 322 3952 uem
337 3871 525 3952 ἠήησίας,
553 3871 660 3934 ebuis
688 3873 772 3932 loeis
801 3871 1024 3933 recentissime
1044 3873 1150 3934 oditis
1180 3872 1264 3934 veti
1294 3873 1326 3936 in
1349 3885 1455 3952 gerne·
1512 3857 1513 3874 ¹

233 3995 309 4039 sum
329 3980 435 4042 ieenn
464 3979 507 4038 de
524 3977 688 4046 ecclesie,
714 3984 783 4050 eno
813 3975 935 4052 sonipto
965 3977 1005 4037 de
1034 3975 1179 4038 Ecclesia
1209 3979 1245 4037 in
1273 3968 1454 4052 octingentis

115 4135 118 4140 .
232 4068 459 4142 nitriieditum
478 4088 533 4142 est
555 4082 702 4158 gravius,
725 4079 867 4140 sanctius
889 4077 1134 4142 eutemdities.
1174 4081 1327 4143 bibens
1349 4078 1454 4155 episto·

233 4183 530 4262 embolismorum
553 4199 652 4261 rogo,
678 4181 724 4242 mi
739 4183 980 4246 reverendeet
1003 4182 1190 4244 eberissine
1221 4188 1407 4260 preecepeer
1418 4175 1453 4238 o.

235 4286 402 4364 ebriippe,
421 4303 483 4364 per
501 4284 677 4348 emisitiem
703 4300 770 4346 mon
796 4283 946 4362 grentonis
974 4285 1187 4361 respondere,
1211 4293 1250 4343 et
1279 4284 1355 4344 mibi
1377 4293 1455 4344 nnnc,

314 4521 352 4586 Ἰ)
378 4523 429 4574 les·
449 4521 491 4588 ot,
511 4519 534 4575 6.

305 4621 450 4695 ‘2)'‘liunc
465 4625 584 4678 libellum
604 4637 688 4694 eupr'e
704 4623 799 4695 peto
811 4644 872 4692 sqq.
892 4644 935 4680 no.
953 4620 1013 4680 elib.
1034 4617 1122 4677 isene
1142 4618 1225 4676 eniel.
