3102 5202
467 313 912 386 supparaturaaurrrarao.
1241 305 1306 381 tlt

78 468 121 528 sic
143 469 282 530 babent:
326 469 519 539 Mandemus,
555 475 589 528 ut
627 470 660 532 in
684 477 751 533 toto
789 470 930 532 Romane
952 472 1093 549 ,imperio
1128 477 1307 538 constanter

78 570 216 648 credatur
239 579 270 632 et
293 572 454 642 doceatur,
471 637 474 644 ,
491 572 576 647 quod
603 575 660 637 sub
684 572 855 646 speciebus
888 573 980 650 panis
1011 583 1043 637 et
1058 578 1149 647 ¹uini,
1186 585 1225 638 et
1248 583 1306 640 sab

78 672 214 750 qnalibet
237 690 361 745 earum,
376 711 379 716 -
396 691 504 736 verum
529 690 644 748 corpus
667 682 698 736 et
720 691 816 737 rems
837 675 974 753 Sanguis
1010 679 1184 740 seruatoris
1208 684 1309 742 nostri
1335 747 1336 752 ,

77 775 192 846 Christi
213 776 342 838 Domini
377 778 632 862 substantialiter
655 786 687 838 et
707 793 785 841 vere
804 781 1001 855 *praesentia
1025 781 1090 842 sint
1125 787 1183 844 ete
1228 784 1306 855 Quis

76 885 176 938 autern
199 879 337 944 hicnon
360 880 476 951 videat,
499 882 583 948 bunc
608 896 681 943 esse
706 895 842 946 errorem
867 883 954 947 illum
978 883 1008 943 in
1031 883 1306 953 Eucharistial’a,

77 981 231 1056 pisticum,
249 1000 345 1060 ,quem
367 982 536 1052 Ecclesiae
557 982 619 1044 Dei
656 983 730 1046 inde
752 987 791 1046 ab
815 986 906 1048 annis
929 987 991 1048 bibli
1022 989 1212 1050 'obstrusere
1244 990 1306 1064 pni-

77 1100 153 1172 mnm
176 1085 303 1160 quidem
338 1083 722 1154 infelicesssenedictini,
756 1084 874 1148 deinde
896 1103 971 1149 vero
1005 1087 1165 1151 maledicti
1186 1091 1305 1152 menbr-

77 1191 184 1247 cantes
200 1171 374 1254 'Monachil
399 1188 487 1262 ,Hoc
510 1186 748 1262 enim·.'liquido
773 1194 929 1252 testantur
951 1207 1011 1252 uon
1027 1220 1030 1231 ›
1047 1190 1110 1252 talu
1132 1193 1305 1264 Historiae,

77 1303 162 1361 quun
187 1288 266 1350 libri
283 1291 423 1364 istorum,
439 1295 628 1364 temporum,
642 1289 1020 1365 naturastcouramrnr
1042 1307 1094 1355 res
1118 1293 1306 1357 vetustioris

76 1391 248 1462 Ecclesiae,
283 1391 443 1452 diversum
465 1390 608 1466 protinus
643 1393 683 1456 ab
706 1393 779 1464 istis
798 1394 957 1458 tralucet„
978 1395 1306 1472 Veterisbtislaobritu

78 1499 139 1554 crat
163 1503 260 1564 certe,
293 1496 325 1556 si
363 1495 436 1570 quis
470 1493 503 1554 in,
523 1495 587 1555 boc
608 1496 739 1571 negotio
768 1498 1042 1570 muratorianam
1073 1499 1305 1562 Sacramentum

77 1594 266 1670 agnovisset,
289 1614 328 1658 ac
349 1597 515 1672 contessus
534 1595 649 1667 fuisset
674 1595 825 1673 ingenua,
839 1595 994 1669 Christum
1010 1600 1177 1664 Dominum
1199 1601 1307 1662 Eccle

77 1698 140 1758 siae
163 1714 240 1765 suae
263 1699 401 1760 Coenam
425 1695 600 1765 celebranti
634 1698 750 1760 adesse
772 1705 987 1774 praesentem.
1008 1719 1066 1764 suo
1086 1700 1234 1775 spiritu..
1249 1720 1307 1766 sua

77 1801 226 1876 potentia,
248 1799 416 1872 maiestate
439 1807 470 1860 et
493 1800 605 1876 gratia.
653 1799 785 1866 Christi,
807 1801 947 1878 denique
969 1819 1092 1879 corpas
1115 1813 1307 1874 recumbet

77 1902 261 1980 sanguinem
288 1919 395 1966 verum
430 1903 483 1977 edi
506 1909 540 1965 et
565 1903 641 1966 bibi·
666 1903 697 1965 in
711 1903 828 1966 Coena
858 1905 1130 1970 sacramentaliter
1164 1908 1307 1984 maenus

78 2011 105 2064 et
126 2005 340 2082 spiritualiter
360 2022 420 2082 par
440 2005 541 2072 iidem.
553 2027 555 2032 ·
568 2004 684 2076 ,Quem
708 2007 1102 2086 uiridem-'perceptionem
1122 2012 1227 2074 senati*
1245 2017 1309 2076 tarn

79 2107 234 2178 efficacem
258 2125 332 2170 asse
354 2108 565 2178 crediderunt,
590 2108 679 2175 adde·
695 2115 727 2168 et
751 2109 876 2186 experti
899 2118 984 2181 sunt,
1011 2119 1046 2173 ut
1068 2117 1309 2194 veterum-epe

78 2210 255 2274 stolicorum
279 2213 415 2280 uirorum
440 2227 533 2278 nemo
550 2212 753 2288 cogitaverit:
772 2219 826 2276 aut
853 2212 980 2288 dixerit,
1019 2215 1127 2278 inania
1149 2222 1211 2277 aut.
1227 2216 1307 2280 inab

78 2311 185 2374 ficacio
205 2314 274 2375 fore
298 2315 355 2382 illa
379 2314 532 2388 symbola,
549 2312 620 2373 'nisi
643 2315 739 2384 etiam
762 2313 919 2390 corporati
936 2315 1054 2397 Christi
1077 2318 1310 2391 adimpleantur

78 2415 264 2488 praesentia.
309 2415 393 2488 Haec
415 2417 530 2492 hausta
553 2421 586 2476 et
604 2423 731 2491 sumpta
753 2415 883 2480 iaciunt,
904 2433 993 2486 serre,
1028 2427 1062 2480 ut
1087 2419 1231 2483 Christus
1267 2418 1307 2484 sit
1403 2481 1406 2486 .

78 2514 106 2575 in
127 2517 232 2594 nobis,
255 2525 288 2581 et
311 2535 371 2586 nos
391 2517 423 2576 in
448 2518 587 2588 Cbristu,
620 2518 680 2578 sed·
700 2534 788 2580 more
804 2519 956 2594 ,utysticm
980 2520 1032 2580 uel
1055 2519 1227 2596 spirituali,
1251 2537 1310 2596 per

78 2618 187 2678 fidem:
212 2619 337 2695 quando
351 2619 528 2698 Apostolus
552 2611 757 2698 apertissime
781 2620 879 2686 dicut:
904 2621 1046 2685 Christus
1070 2636 1129 2696 per
1145 2621 1240 2683 fidon
1261 2622 1308 2686 jn,

79 2720 195 2802 habitat¹
228 2722 261 2789 in
285 2723 432 2787 cordibus
456 2722 587 2794 vestris.
630 2723 668 2793 ar
687 2740 818 2803 rursus:
862 2724 942 2784 Vivo
959 2724 1028 2786 -iam
1049 2739 1218 2800 ,neudum
1251 2725 1309 2790 sed

82 2825 153 2883 vivit
178 2825 210 2894 in
228 2840 284 2896 rna
309 2825 473 2901 Cirr-istus„
490 2831 522 2883 et
542 2823 670 2900 quidem
694 2840 754 2900 per·
774 2824 869 2892 fidem
892 2827 967 2896 viru
990 2823 1142 2893 Filii-Dei
1161 2832 1223 2894 etc,¹
1247 2824 1311 2910 Sed

81 2924 148 3000 quid
173 2927 361 3002 Apostolum
386 2926 530 2996 uitarnus,
554 2943 628 3002 cum·
646 2925 718 3004 ipse
729 2928 883 2992 Dominus
905 2927 1074 2990 manifeste
1094 2927 1227 3004 dixerit:
1249 2929 1309 2998 Qui

82 3027 140 3086 edit
161 3044 266 3093 meam
287 3046 413 3110 ⁴carnem
437 3035 469 3090 et
493 3029 574 3091 bibit
596 3028 911 3106 meumsanguiuem,
935 3029 967 3090 in
993 3036 1186 3102 inerrabat„
1204 3038 1236 3094 el
1249 3049 1309 3110 ego

82 3126 109 3190 in
132 3131 198 3195 illo.
241 3131 280 3192 Et
298 3133 397 3206 paulo
420 3136 511 3198 ante:
555 3131 621 3208 Ego
646 3130 952 3218 rumpanisvitne.
997 3132 1057 3202 Qui
1082 3133 1172 3196 venit
1193 3134 1308 3204 adurar

82 3249 136 3294 non
161 3233 350 3310 esuriebat
373 3231 560 3313 quigcredit
576 3234 608 3297 in
631 3249 693 3308 me,
716 3231 893 3297 consiliat
914 3248 1058 3308 unquam.
1091 3233 1181 3305 Unde
1203 3250 1310 3302 rursus

82 3333 192 3410 legitur
214 3333 338 3404 dixisse
363 3337 554 3412 Apostolus:
601 3334 752 3412 Quisquis
782 3335 946 3399 confessus
968 3335 1079 3404 tuerit,
1108 3335 1193 3409 quod
1221 3336 1317 3399 lesus·

84 3445 125 3497 est
143 3437 248 3523 Filius
271 3438 341 3508 Dei,
374 3439 470 3507 Dens,
495 3439 528 3498 in
552 3443 729 3512 eornmret,
765 3441 797 3498 et
831 3440 903 3514 ipse
936 3438 969 3498 in
989 3439 1069 3498 Deo.
1129 3439 1221 3504 Certe
1257 3437 1309 3501 his

82 3545 173 3614 probe
209 3541 390 3622 observatis
425 3539 571 3619 piissime
600 3544 704 3602 verba.
720 3541 848 3604 Domini
879 3539 913 3602 in
936 3538 1120 3620 Evangelio,
1137 3555 1309 3618 eapnneus

82 3644 186 3706 beatus
203 3627 405 3722 ,Augustinus
428 3651 527 3713 tract,
541 3644 573 3705 in
596 3643 743 3707 loannem
766 3643 868 3704 xxvt.
914 3643 979 3705 rtoc
1001 3649 1062 3714 est,
1085 3643 1198 3720 inquit,
1226 3660 1309 3714 mun-

84 3745 191 3810 ducare
216 3746 306 3814 illam.
326 3764 441 3817 escam,
464 3753 498 3807 et
518 3745 608 3831 illum
629 3748 740 3817 bibere
762 3754 882 3824 potum,
911 3747 944 3808 in
968 3747 1092 3816 Christo
1113 3761 1257 3822 ,maneria
1279 3752 1310 3814 et
1332 3805 1333 3808 ,

85 3845 369 3929 illum-manantem
396 3851 430 3912 in
455 3849 644 3914 sefhabere.
689 3851 735 3913 ac
769 3866 826 3926 per
847 3851 919 3920 buc,
944 3847 1011 3924 ,qut
1043 3867 1104 3910 non
1136 3855 1244 3913 manet
1279 3849 1311 3928 in

84 3951 214 4024 Cbristo,
249 3960 287 4035 et,
317 3954 351 4031 in
373 3971 433 4034 quo
451 3969 520 4029 ,non
541 3958 647 4017 rnanet
670 3951 823 4024 Christus,
848 3952 955 4029 procul
976 3953 1157 4019 dubionou
1181 3951 1309 4013 mandu-

85 4063 127 4116 cat
148 4057 359 4134 spiritualiter
381 4072 507 4121 earnem
530 4056 612 4126 eius,
635 4071 694 4124 nec
717 4056 797 4117 bibit
820 4057 892 4132 eius
913 4055 1111 4134 sanguinem,
1147 4054 1223 4144 licet
1246 4070 1310 4119 carr

85 4159 192 4226 naliter
217 4167 248 4221 et
271 4159 442 4226 visibiliter
466 4166 586 4236 premat
608 4159 755 4226 dentibus
775 4165 1004 4226 sacramentum
1020 4157 1162 4234 corporis
1186 4161 1218 4219 et
1241 4175 1312 4223 sau*

86 4262 187 4339 guinis
205 4261 367 4342 ,chrisma
391 4260 453 4324 Sed
477 4260 577 4339 magis
615 4265 722 4325 tantae
753 4261 803 4323 rei
835 4267 1063 4331 sacramentum
1097 4259 1136 4332 ad
1158 4257 1312 4328 iuditium

87 4363 140 4426 sibi
161 4367 335 4446 manducat,
349 4373 380 4426 et
403 4364 499 4442 bibit:
525 4365 601 4442 quia
622 4365 800 4431 immundus
817 4365 1040 4440 ,praesumpsit
1058 4364 1098 4429 ad
1122 4364 1239 4435 Christi
1258 4379 1312 4426 ae

89 4470 422 4543 oederesacrameuta:
436 4485 526 4546 ,quae
542 4468 667 4544 aliquis
692 4463 864 4548 perdigne
886 4469 991 4538 sumit,
1014 4469 1078 4529 nisi
1094 4468 1155 4548 ,qui
1176 4467 1316 4547 mundus,

90 4579 142 4636 est.
168 4577 233 4640 ‚De
256 4557 519 4650 quibusdicitur:
542 4571 771 4644 beatimundo
784 4571 890 4634 corde
922 4571 1008 4640 idem
1030 4567 1066 4633 iu
1081 4571 1196 4639 eedem
1217 4568 1315 4644 paulo
1373 4597 1378 4604 ·
