3072 5208
452 339 699 397 1111111111
716 341 801 397 anm
825 343 902 401 1111.
1231 325 1297 401 abi

72 499 121 560 sed
142 501 221 576 quod
242 520 304 562 non
329 520 348 562 a
372 498 506 578 quovis,
534 496 592 560 scd
624 513 663 559 eo
695 498 838 569 demum,
874 500 930 576 qui
953 500 1056 578 primo
1081 499 1213 576 quidem
1233 517 1295 562 non

72 602 196 664 infelicis
218 602 343 681 ingenii
365 609 519 677 recteque
543 603 581 662 ab
606 602 737 664 ineunte
761 608 869 663 aetate
891 602 1056 666 institutus
1071 621 1110 664 ac
1123 601 1295 674 instructus

71 723 132 766 cum
158 703 349 783 Linguarum
380 702 582 784 cognitione,
620 710 687 766 tum
718 705 830 780 primis
868 705 936 770 illis
967 705 1151 784 disciplinis
1190 703 1297 769 omnia

71 807 200 868 veritatis
224 808 404 870 inventioni
428 808 637 886 posthabeat,
661 807 779 868 deinde
803 813 835 868 et
860 810 1016 870 Labonrm
1039 807 1295 886 patientissimus

70 908 120 979 sit,
147 916 179 970 ut
209 917 240 970 et
270 917 416 974 autorum
448 909 536 972 varia
566 909 607 970 de
636 909 688 970 bis
720 911 867 972 conferre
895 910 1033 988 scripta,
1073 918 1105 971 et
1133 911 1174 972 ad
1203 927 1296 975 usum

70 1013 163 1075 omnia
184 1015 266 1074 hacc
289 1016 458 1091 explorare
483 1032 545 1076 uon
568 1020 726 1094 gravetur.
774 1014 852 1077 Nam
875 1021 908 1074 et
930 1013 1132 1078 diversorum
1154 1016 1296 1079 locorum

70 1123 125 1178 tum
147 1117 176 1178 in
200 1117 333 1188 ecdem,
356 1126 422 1180 tum
442 1119 474 1179 in
493 1117 631 1181 diversis
645 1117 813 1182 autoribus
828 1116 1001 1180 collatione
1017 1118 1150 1194 saepius
1166 1115 1297 1188 eruitur,

70 1221 174 1296 inquo
198 1221 317 1284 frustra
340 1222 466 1298 alioqui
489 1223 656 1282 multorum
680 1238 717 1280 se
742 1239 818 1282 cura
840 1227 989 1297 torqueat
1007 1220 1224 1298 interpretum.
1259 1220 1298 1282 Et

70 1340 166 1386 norma
195 1325 376 1386 certissima
406 1324 557 1386 inventae
586 1323 641 1386 hic
666 1321 812 1386 ueritatis
845 1331 894 1384 est
915 1341 994 1386 usus
1018 1325 1107 1400 ipse,
1138 1324 1180 1384 ad
1202 1339 1298 1400 quem

70 1432 213 1502 perpetuo
237 1428 445 1508 huiusmodi
469 1429 683 1492 examinanda
705 1432 881 1506 praecepta
904 1442 1081 1488 censemus.
1133 1426 1172 1488 111
1201 1443 1296 1502 quan·

71 1545 152 1604 quam
173 1533 256 1594 bueo
285 1531 358 1612 ipsa
386 1532 450 1594 iam
480 1531 571 1594 annis
602 1534 727 1610 aliquot
756 1533 907 1595 nonnullo
939 1547 1093 1594 successu
1125 1529 1297 1592 tentaveri-

70 1650 143 1704 mus,
174 1641 280 1698 tamen
311 1643 378 1705 est,
413 1635 495 1711 quod
533 1634 566 1696 in
595 1636 648 1697 bis
679 1636 776 1697 etiam
807 1653 890 1696 nunc
925 1635 1125 1704 desiderem,
1164 1648 1298 1708 eamque

71 1735 194 1801 maxime
217 1743 257 1800 ob
281 1757 409 1804 eausam
437 1749 525 1802 tuum
555 1740 649 1802 avide
682 1741 888 1816 expectabam
918 1738 1096 1800 adrentum.
1142 1737 1218 1798 Nam
1243 1735 1298 1812 qui

71 1839 139 1898 nihi
160 1842 195 1902 in
215 1840 268 1903 his
293 1849 325 1906 et
348 1841 508 1904 similibus
532 1844 621 1902 velut
636 1841 779 1918 Oedipus
804 1842 933 1920 quidam
954 1857 1029 1908 esse
1042 1842 1166 1906 solebat
1181 1839 1297 1916 symon

71 1941 223 2017 Grynaeus
247 1951 356 2006 noster
380 1946 538 2022 quondam
560 1946 698 2016 Ductor,
733 1960 806 2006 eum
820 1944 914 2008 nobis
934 1945 998 2006 tata
1014 1944 1200 2022 eripuerunt
1218 1942 1301 2006 irata

71 2045 154 2104 oredo
181 2052 314 2124 propter
343 2047 606 2127 ingratitudinem
635 2053 794 2118 nostram,
825 2047 909 2124 quod
940 2054 1003 2108 tam
1032 2063 1103 2109 rara
1126 2052 1158 2106 et
1182 2046 1300 2108 eximia

71 2145 124 2206 Dei
145 2148 226 2210 dona
249 2149 281 2210 in
305 2165 346 2212 eo
376 2170 437 2214 non
467 2153 570 2230 magis
608 2152 846 2227 suspiceremus
876 2167 913 2212 ac
942 2166 1175 2212 veneraremur.
1227 2148 1300 2210 Erat

73 2248 212 2320 animis,
238 2253 378 2315 sirecte
404 2255 603 2331 perpendere
635 2256 799 2326 volumus,
830 2256 862 2316 in
892 2255 954 2316 boc
977 2271 996 2314 a
1016 2254 1086 2315 Deo
1111 2252 1300 2315 Germaniae

73 2350 169 2423 datus,
199 2355 232 2415 in
264 2357 348 2432 quod
376 2358 629 2420 Atheniensibus
661 2357 739 2420 olim
768 2352 934 2426 Socrates,
964 2363 999 2416 ut
1027 2357 1068 2416 de
1095 2371 1130 2416 se
1161 2355 1234 2432 ipse
1266 2354 1299 2414 in

73 2455 221 2534 Apologia
252 2459 336 2532 apud
359 2459 523 2523 Platonem
553 2461 733 2538 praedicat,
764 2476 960 2536 vereorque,
991 2476 1033 2523 ne
1056 2459 1087 2520 in
1112 2457 1300 2534 quibusdam

73 2556 188 2620 nimium
223 2576 319 2623 verus
348 2570 439 2624 vates
471 2566 631 2635 extiterit,
663 2565 721 2626 sed
750 2567 830 2628 baec
853 2564 999 2640 quidem,
1033 2568 1067 2622 ut
1096 2563 1164 2624 Deo
1195 2561 1300 2624 visum

74 2659 173 2732 tuerit,
197 2665 358 2726 evenient.
405 2667 485 2728 Illud
509 2667 638 2730 interim
660 2666 797 2730 maxime
820 2667 915 2730 doleo
939 2665 993 2728 vix
1019 2666 1104 2728 effici
1128 2681 1243 2742 posse,
1265 2673 1302 2726 111

74 2762 162 2840 aliqui
186 2767 300 2828 saltem
323 2769 363 2830 ad
385 2772 467 2834 baec
489 2773 594 2835 solida
622 2772 852 2834 transferantur
882 2771 1006 2842 studia,
1037 2785 1119 2846 quea
1140 2787 1161 2830 a
1184 2767 1299 2832 veteri-

75 2863 123 2924 bus
145 2868 426 2952 quidemzexorta,
457 2874 646 2950 aGrynceo
677 2881 785 2956 nostro
804 2872 963 2935 revocari
993 2878 1065 2935 sunt
1096 2878 1225 2950 coepta,
1261 2875 1299 2934 ob

75 2969 299 3048 quodquidam
321 2982 354 3036 te
378 2977 545 3054 plurimum
570 2997 643 3048 oro,
667 2985 702 3042 ut
726 2985 758 3040 et
780 2979 882 3040 altera
903 2976 1049 3052 Epistola
1070 2976 1152 3046 feci,
1181 2983 1216 3036 ut
1239 2976 1301 3036 buc

77 3081 206 3135 nonatum
238 3083 326 3138 tuum
354 3081 508 3141 conferas.
560 3082 670 3158 Neque
701 3082 786 3142 enirn
823 3079 906 3142 alius
936 3079 1105 3156 quisquam
1142 3080 1174 3140 id
1202 3079 1300 3140 bodie

77 3177 258 3240 commodius
282 3180 434 3246 effecerit.
470 3184 550 3246 Vale
573 3183 749 3246 studiorum
778 3191 809 3244 el
831 3180 1073 3260 disciplinarum
1093 3182 1300 3260 ingenuarum

77 3279 196 3342 antistes
221 3284 409 3348 etVelsium
432 3286 516 3350 inter
539 3287 659 3350 amicos
683 3295 755 3350 tuos
772 3287 913 3366 aliquem
932 3288 1036 3350 locum
1057 3289 1176 3350 babere
1192 3289 1299 3352 sinito.

148 3389 350 3466 Argentorati
372 3391 472 3454 Nonis
495 3391 617 3468 Aprilis
644 3393 748 3454 lota

491 3494 550 3558 Tui
574 3492 876 3557 observantissimus

906 3581 1010 3642 Iustus
1032 3580 1172 3642 Vetsius.

602 3662 783 3678 Μ

80 3731 139 3792 aot.
169 3733 351 3794 11111111
396 3733 693 3818 (11111111.)
1174 3737 1300 3810 supra

167 3821 331 3846 Μ
1173 3825 1305 3852 Μ.

257 3895 413 3966 carcaa
441 3893 489 3965 de
514 3897 668 3992 Maquia
695 3890 1112 3970 communerationem.

138 4025 175 4076 Ex
193 4028 365 4095 autographo
384 4027 512 4081 11111111.
531 4029 650 4080 1111111.
670 4026 738 4095 113.
757 4026 858 4080 Scriuii
875 4027 948 4080 Eccl.
969 4027 1087 4094 Argunt.
1113 4027 1301 4095 Apograpbuu

169 4115 248 4166 buius
269 4115 403 4182 epistolae
422 4130 471 4184 per
490 4115 584 4166 Virum
604 4115 675 4165 Glar.
694 4114 874 4182 Voegaliuum
894 4113 998 4180 accepi.

81 4208 257 4296 Magnifica
280 4229 312 4278 et
333 4199 530 4281 Excelleriti
554 4214 722 4298 Tteotogo
745 4213 907 4300 Philippo
931 4213 1131 4288 Melanteioi,
1157 4167 1302 4278 Domino

315 4390 317 4400 Ι
428 4339 487 4382 suo
506 4320 691 4402 plurimum
718 4310 934 4380 observdndo.
1394 4328 1397 4335 '

153 4422 319 4507 Magnifice
343 4431 374 4484 el
399 4425 561 4488 excellens
584 4423 721 4486 Domine
745 4423 789 4483 mi
811 4420 980 4496 plurimum
1005 4421 1213 4484 observande.
1255 4422 1300 4482 Ex

83 4521 137 4582 tuis
160 4526 283 4604 scriptis
308 4527 368 4590 tria
392 4528 431 4588 ad
454 4545 505 4590 me
530 4529 636 4590 delata
656 4529 781 4588 lucmnt
805 4525 980 4587 volumina:
1003 4525 1080 4584 Loci
1100 4541 1298 4586 communes:

86 4625 298 4690 ,innotationes
322 4630 354 4690 in
378 4630 492 4692 diebus
507 4630 704 4702 Dominicis,
730 4637 762 4689 et
779 4628 861 4690 visio
877 4627 1038 4696 Danielis,
1063 4628 1300 4709 quaelibenter
