3072 5208
473 333 716 387 soranunnnrn
736 333 817 388 num
848 341 922 392 1544.
1261 323 1324 396 1⁹5

758 451 769 473 t

101 491 269 560 obscurato,
297 488 435 566 pristino
465 491 599 550 reddere
629 491 744 552 nitori:
778 496 932 556 haereses
963 503 1069 556 antem
1095 505 1127 557 et
1150 498 1321 574 opiniones

98 610 198 662 noras,
230 592 378 654 exoticas
402 599 498 667 etque
523 594 652 663 ironias,
685 613 765 670 quas
790 597 933 674 imperiti
957 607 988 657 et
1011 599 1160 660 audaculi
1191 601 1320 677 quidam

97 694 286 770 antiquitatis
311 713 441 771 prorsus
466 695 588 771 ignari,
613 703 721 758 nostro
743 701 853 759 seculo
871 707 1058 774 reparantes
1074 704 1225 774 excitent,
1249 721 1322 764 con-

96 799 186 858 lutare
209 805 241 858 et
264 800 453 874 priusquam
477 797 680 860 stabiliantur
704 802 735 861 in
762 800 958 878 simplicium
975 803 1107 875 animis,
1130 805 1322 882 opprimere.

96 901 185 977 Cupio
208 901 240 962 in
267 901 430 970 omnibus,
453 909 484 960 et
508 915 566 976 per
590 903 697 963 omnia
724 903 851 965 Christo
874 907 991 966 multos
1015 906 1221 969 lucrifacere:
1245 911 1322 970 Ver-

96 1005 156 1064 bum
184 1005 272 1066 vitae
305 1003 451 1069 omnibus
481 1003 585 1064 modis
616 1021 747 1075 ornare,
776 1014 811 1067 ut
842 1010 904 1067 hoc
934 1025 1043 1070 omnes
1075 1026 1134 1069 ceu
1160 1019 1323 1087 praestan-

19 1185 20 1192 }
96 1106 241 1168 tissimum
272 1107 305 1167 in
337 1109 412 1167 orbe
443 1108 641 1167 'llresaurum
671 1115 831 1184 expetant.
857 1143 898 1154 -
931 1112 992 1169 Oro
1023 1119 1147 1184 autem,
1177 1113 1222 1174 mi
1252 1114 1323 1176 Phi-

97 1208 188 1286 lippa‚
211 1217 245 1268 ut
269 1225 320 1269 me
342 1209 407 1268 tuis
431 1207 581 1285 precibus
605 1208 698 1269 iuves
722 1211 808 1286 apud
830 1211 1018 1282 Dominum,
1048 1232 1110 1290 quo
1135 1217 1258 1292 possim
1281 1218 1321 1277 de

96 1310 244 1382 Ecclesia,
275 1311 373 1374 sicuti
397 1310 554 1380 hortaris,
584 1313 666 1372 bene
689 1313 825 1384 mereri,
858 1313 991 1375 edendis
1015 1315 1098 1391 piis,
1133 1318 1268 1380 utilibus
1293 1327 1325 1380 et

19 1485 20 1500 χ
96 1413 258 1474 moderatis
280 1413 567 1476 lucubrationibus.

167 1515 276 1578 Facile
300 1517 494 1594 persuades,
516 1524 551 1576 ut
575 1535 594 1576 a
617 1517 808 1578 tractatione
828 1519 1048 1596 Monogamiae
1072 1529 1102 1580 ct
1118 1522 1323 1599 Polygamiae

96 1616 262 1689 discedam,
294 1619 415 1696 quippe
444 1637 515 1682 cum
548 1619 668 1680 invitus
700 1628 733 1680 et
762 1637 823 1681 non
854 1621 919 1682 nisi
950 1630 1080 1684 coactus
1110 1625 1150 1685 ad
1180 1638 1247 1686 eam
1271 1629 1323 1687 de-

96 1721 274 1782 scenderim.
311 1720 375 1784 Imo
401 1721 536 1782 loannes
561 1721 690 1798 quidam
712 1722 874 1800 Lenignus
899 1725 1030 1802 scriptis
1050 1745 1131 1788 anno
1149 1730 1324 1806 praeterito

96 1822 206 1894 literis,
238 1843 317 1900 quas
341 1826 380 1886 ad
403 1842 456 1884 me
478 1823 695 1886 illustrissimi
724 1825 897 1888 Hessorurn
927 1827 1087 1906 Principis
1118 1847 1227 1892 cursor
1250 1849 1323 1910 per-

95 1926 175 1997 tulit,
207 1927 423 2004 praedivitem
452 1926 620 1990 meteriam
650 1927 871 2006 suppeditavit
902 1930 941 1989 de
972 1933 1033 1992 hoc
1060 1933 1191 2010 negotio
1221 1935 1326 1996 disse-

97 2029 190 2100 rendi,
228 2031 303 2092 dum
333 2030 462 2108 frigidis
494 2030 685 2106 quibusdam
722 2029 902 2091 rationibus
937 2033 1126 2110 digamiam,
1163 2035 1208 2097 ita
1240 2037 1324 2098 enirn

98 2134 269 2208 appellabat
292 2133 508 2212 Polygamiam
539 2135 772 2204 confirmatam,
807 2142 932 2196 nostras
964 2145 1070 2198 autem
1104 2138 1247 2200 rationes
1275 2143 1326 2201 fir-

98 2234 249 2298 missimas
273 2236 380 2296 videri
401 2227 501 2297 'vellat
525 2237 714 2298 aorrfutatas.
750 2237 815 2314 Ego
839 2244 945 2298 tamen
970 2245 1044 2298 tunc
1066 2240 1201 2302 acrioris
1226 2251 1326 2304 certa-

100 2337 183 2400 minis
218 2339 409 2412 occasiones
444 2339 714 2417 praescindendas
750 2339 922 2410 arbitrans,
966 2342 1058 2401 brevi
1100 2344 1239 2420 epistola
1279 2345 1326 2406 ita

100 2441 212 2502 bomini
235 2442 404 2520 respondi,
428 2450 464 2503 ut
486 2441 703 2520 intelligeret,
726 2460 777 2502 me
801 2442 948 2504 veritatis
972 2461 1116 2516 causam,
1147 2447 1177 2506 si
1201 2449 1326 2524 quando

99 2545 189 2606 maior
212 2553 364 2623 posceret
393 2545 589 2616 necessitas,
618 2546 806 2620 neutiquam
835 2547 1036 2608 deserturum
1059 2556 1091 2608 et
1113 2549 1256 2610 rationes
1287 2553 1326 2612 ab

100 2644 163 2722 ipso
192 2651 332 2726 prolatas
361 2651 448 2710 nullo
478 2648 615 2709 dissolvi
647 2665 746 2726 posse
776 2649 917 2726 negotio.
971 2650 1090 2712 lecirco
1122 2653 1259 2713 libenter
1289 2656 1328 2716 ab

101 2765 133 2808 eo
156 2752 327 2814 certamine
352 2771 445 2829 porro
465 2752 653 2822 abstinebo,
677 2753 771 2812 modo
796 2759 924 2812 autores
949 2751 1044 2814 istius
1066 2753 1143 2815 mali
1167 2773 1229 2816 non
1253 2772 1324 2832 per-

100 2862 166 2928 gant
189 2857 381 2918 camarinam
404 2873 616 2926 commovere,
645 2855 820 2930 multisque
843 2859 1000 2931 praebere
1024 2859 1227 2920 occasionem
1249 2861 1328 2920 mul·

101 2963 141 3016 tas
169 2959 305 3020 ducendi
336 2977 470 3030 uxores,
508 2961 669 3036 fidemque
699 2957 950 3035 etpudicitiam
989 2961 1192 3038 coniugalem
1222 2963 1326 3039 prol-

102 3063 195 3122 naodi.
240 3063 331 3124 Nosti
354 3063 442 3124 enirn
465 3064 577 3138 quales
600 3069 741 3124 nostrum
765 3061 910 3122 seculum
941 3063 1057 3122 habeat
1087 3064 1251 3139 homines,
1282 3065 1327 3124 in-

102 3181 241 3228 numeros
264 3167 415 3229 nimirum
439 3167 544 3236 leves,
569 3166 625 3241 qui
649 3166 764 3241 quovis
789 3172 884 3226 vento
907 3165 1073 3226 doctrinae
1098 3167 1324 3228 circumierun-

103 3271 160 3338 tnr‚
181 3286 287 3346 neque
310 3270 399 3332 aliud
423 3268 524 3346 magis
549 3268 580 3328 in
603 3267 780 3345 Evangelio
805 3285 899 3343 quarn
922 3267 1027 3327 carnis
1051 3277 1207 3343 quaerunt
1229 3269 1328 3329 licen-

101 3367 177 3430 tiam.
237 3372 359 3442 Quibus
389 3388 467 3434 sane
497 3369 640 3432 doctrina
668 3389 746 3432 sana
774 3360 931 3430 obsistere
957 3377 1101 3446 oportet,
1126 3372 1329 3447 praesertim,

103 3489 165 3534 cuni
186 3477 317 3536 verbum
340 3474 404 3536 Dei
427 3473 641 3535 castissimum
665 3473 734 3535 suis
756 3471 926 3534 immundis
957 3465 1073 3549 cogunt
1103 3473 1226 3533 servire
1255 3474 1331 3534 alle-

103 3575 213 3647 ctibus,
242 3595 283 3638 ne
313 3577 468 3638 videlicet
497 3585 629 3654 propter
659 3576 749 3652 ipsos
780 3578 862 3636 male
893 3574 1003 3636 audiat
1035 3574 1198 3646 veritatis,
1235 3591 1331 3636 verae

103 3676 272 3750 libertatis,
300 3681 516 3758 puritatisque
539 3680 764 3756 praeconium,
795 3677 935 3752 denique
960 3693 999 3737 ne
1021 3677 1082 3738 Dei
1106 3685 1216 3738 sancta
1239 3675 1331 3737 insti-

104 3785 162 3843 tute
183 3784 215 3844 in
238 3784 350 3845 nescio
375 3802 469 3860 quarn
499 3783 721 3860 suspicionem
751 3781 900 3842 incidant.
946 3780 1102 3854 Equidem
1126 3782 1333 3842 condonanda

105 3893 169 3945 sunt
190 3888 345 3962 quaedam
369 3885 553 3948 bominibus
577 3884 701 3960 alioqui
727 3883 818 3944 bonis
842 3891 873 3942 et
895 3886 977 3943 bene
1001 3881 1197 3943 merentibus
1210 3881 1247 3960 1);
1272 3883 1332 3944 sed

106 3979 289 4052 ito'interim
312 3991 459 4050 videntur
489 4005 542 4050 res
572 3989 851 4066 attemperandae,
886 4005 925 4046 na
955 3985 1083 4046 illorum
1107 3993 1212 4047 errata
1235 3994 1331 4059 atque

107 4103 226 4164 paccata
250 4093 394 4156 inficiant
417 4102 684 4170 corrumpantque
708 4091 895 4152 Ecclesiam.
938 4090 1047 4163 Neque
1070 4096 1105 4148 tu
1127 4089 1216 4149 aliud
1239 4107 1257 4148 a
1280 4103 1333 4149 me

108 4197 223 4267 poscis,
251 4215 322 4278 curn
354 4195 450 4257 etiam
481 4195 541 4256 tibi
571 4195 717 4258 veritatis
748 4200 780 4254 et
802 4192 971 4254 Ecclesiae
1000 4191 1204 4253 incolumitas
1234 4193 1331 4252 urtice

109 4298 189 4358 cordi
210 4302 258 4360 sit.

184 4399 323 4463 Hortaris
356 4403 489 4472 deinde,
525 4409 559 4462 ut
589 4399 619 4462 si
650 4416 733 4476 quae
766 4415 806 4460 ex
837 4399 954 4458 vestris
986 4397 1025 4456 ad
1055 4415 1113 4456 nos
1146 4395 1333 4474 regionibus

112 4535 295 4548 Q..

194 4608 218 4669 lt
242 4607 372 4658 Simlerua
391 4573 546 4660 adnotavit:
572 4607 610 4658 De
631 4607 770 4659 (latiorum
789 4605 916 4672 Principe
935 4602 1062 4665 loquitur.

1130 4690 1197 4754 ta*
