3116 5212
642 423 825 480 arcanam.
1297 413 1359 486 sia

228 583 357 656 „Hostis
391 602 453 646 non
487 587 537 646 est
576 583 805 646 confirmandus
861 601 921 648 nec
955 589 1055 650 nostri
1091 587 1265 669 frangendi.
1319 591 1360 652 ht

111 693 207 751 tuam
234 689 387 768 scriptum
423 689 464 749 de
487 686 680 765 adiaphoris
713 689 830 750 latetur
861 707 921 768 per
942 691 1039 755 hasce
1063 691 1208 756 actiones
1242 689 1359 776 impios

112 793 316 866 confirmari,
338 795 410 871 pios
432 809 510 855 vero
534 791 729 872 languefieri.
775 793 874 872 Igitur
897 801 979 857 etc.“

209 935 276 1006 „Ob
299 932 417 996 nullam
441 933 493 993 vel
517 930 667 994 incertam
691 948 780 1008 spem
809 952 872 994 non
895 940 966 997 sunt
1004 951 1056 996 res
1078 953 1212 1014 anagnae
1234 953 1360 999 moven-

115 1035 192 1096 dae.
241 1037 305 1097 Vos
340 1037 466 1106 nullam,
499 1040 554 1095 aut
576 1034 752 1110 perexilem
776 1053 863 1111 spem
898 1045 1089 1116 sequuturae
1121 1040 1360 1119 tranquillitatis

112 1139 260 1202 habetis.
288 1140 365 1202 Nam
388 1141 419 1200 C.
442 1135 531 1200 vobis
555 1136 633 1198 nihil
657 1138 835 1215 pollicetur,
860 1149 890 1201 et
913 1145 947 1202 ut
971 1148 1058 1204 esset
1081 1143 1244 1220 pollicitus
1268 1161 1360 1220 quam

115 1259 233 1320 parum
258 1243 299 1302 sit
323 1241 355 1302 ei
378 1241 579 1311 credendum,
604 1239 805 1304 Germaniam
829 1259 886 1306 suo
911 1260 1022 1322 magno
1047 1246 1128 1308 malo
1152 1245 1275 1313 didicit,
1300 1244 1361 1324 lgi-

115 1353 170 1406 tur
197 1347 279 1406 etc.“

207 1465 304 1530 Hisce
329 1474 396 1529 tute
419 1467 527 1544 potius
552 1463 719 1543 coniunge,
753 1465 805 1542 qui
837 1467 1014 1544 repudiatis
1037 1468 1180 1530 omnibus
1210 1469 1361 1532 fenestris

114 1577 149 1633 et
175 1570 431 1634 simulationibus
455 1567 626 1648 puritatem
642 1567 831 1648 Religionis,
855 1588 913 1648 per
934 1575 1131 1634 constantem
1167 1579 1200 1634 et
1222 1580 1361 1648 apertam

116 1671 222 1756 (quod
244 1680 278 1735 tu
308 1675 485 1736 faciendum
509 1690 582 1734 csse
606 1689 730 1750 semper
753 1679 846 1736 antea
868 1674 1016 1754 docuisti)
1048 1678 1280 1738 confessionem
1314 1693 1362 1736 re-

113 1779 226 1839 tinere
249 1785 414 1850 conantur,
445 1782 482 1841 ab
506 1776 556 1839 his
580 1784 613 1838 tu
635 1794 675 1838 ne
698 1781 730 1838 te
768 1776 836 1839 istis
861 1778 1052 1853 perniciosis
1075 1779 1241 1842 Ecclesiae
1264 1769 1361 1841 actio-

114 1880 223 1953 nibus,
247 1889 279 1943 et
300 1884 422 1960 piorum
437 1884 552 1944 rituum
574 1881 604 1942 in
617 1881 794 1959 papisticus
809 1884 1117 1960 metamorphosibus
1140 1903 1262 1962 separa.
1284 1885 1361 1946 Nam

115 1985 202 2045 haec
226 1989 276 2046 est
299 2001 375 2046 vere
397 2003 459 2046 non
483 1987 682 2054 necessaria,
717 1982 779 2046 imo
803 1986 911 2065 potius
936 1984 1034 2063 impia
1057 1991 1226 2065 separatio,
1251 1995 1283 2050 et
1309 1988 1361 2050 Ec-

116 2089 245 2150 clesiae
268 2089 384 2151 Christi
408 2089 506 2151 tristis
529 2089 691 2150 laceratio.

207 2211 319 2292 Cogita
342 2229 461 2290 quaeso
486 2228 577 2288 quam
590 2209 728 2290 graviter
750 2207 882 2271 minetur
895 2212 1050 2273 Dominus
1074 2211 1113 2284 ei,
1137 2213 1191 2288 qui
1214 2213 1264 2272 vel
1286 2210 1355 2274 uai-

60 2377 62 2381 .
117 2332 190 2378 cum
216 2318 367 2396 pusillum
393 2314 511 2379 Christi
540 2316 809 2384 scandalizaverit,
845 2315 927 2375 Audi
958 2333 1077 2391 quaeso
1100 2319 1253 2396 gemitus,
1285 2333 1361 2393 que-

116 2423 207 2484 relas
231 2429 262 2484 et
286 2422 440 2496 ploratum
461 2419 647 2482 miserarum
672 2405 946 2490 conscientiarum,
969 2417 1188 2482 miserabiliter
1210 2437 1267 2496 per
1281 2419 1360 2482 istus

121 2526 269 2587 actiones
291 2524 567 2604 longanimam-mn,
593 2531 624 2582 et
648 2523 930 2584 consauciatarum.
966 2525 1065 2584 Cerne
1089 2523 1192 2595 etiam,
1215 2525 1360 2600 obsecro,

121 2629 284 2690 cadauera
308 2625 566 2697 Christianarum,
591 2626 645 2700 qui
674 2623 735 2684 iam
761 2627 799 2684 ob
821 2624 897 2685 istas
920 2634 1042 2686 vestras
1065 2625 1285 2688 vacillationes
1310 2628 1361 2688 vel

120 2729 278 2808 popisma,
300 2731 352 2790 uel
376 2727 605 2806 Epicureismo,
640 2732 711 2788 sarit
745 2726 889 2805 iugulati.
937 2727 1051 2788 Desine
1085 2747 1203 2805 quaeso
1237 2727 1362 2790 tandem

121 2841 234 2896 contra
268 2835 405 2895 omnium
428 2833 639 2894 Ecclesiarum
661 2839 742 2903 vota,
778 2839 809 2912 et
847 2832 1004 2910 propriam
1028 2833 1272 2911 conscientiam,
1305 2848 1362 2912 per

122 2937 221 2998 istum
244 2937 457 3013 periculosum
481 2935 603 3004 callem,
640 2936 763 2996 aulicos
786 2933 917 2996 Iuristas
941 2935 1043 3010 sequi,
1076 2937 1160 3012 quod
1195 2942 1226 2996 te
1266 2938 1362 3000 etium

121 3045 212 3099 tuum
235 3037 389 3098 somnium
422 3042 537 3111 monet,
572 3054 612 3098 ne
648 3036 765 3098 alicubi
799 3039 831 3097 in
854 3038 1039 3115 profundam
1071 3039 1211 3099 lacunam
1234 3037 1361 3100 divinae

124 3141 194 3205 irae
216 3140 348 3212 incidas,
384 3159 424 3202 ex
448 3160 509 3219 qua
533 3140 662 3202 eluctari
692 3147 803 3220 postea
833 3159 893 3202 non
917 3157 1025 3218 queas.
1071 3141 1138 3202 lloc
1174 3142 1202 3202 si
1235 3142 1361 3212 leceris,

124 3246 282 3324 polliceor
304 3265 353 3307 nae
376 3249 553 3309 nansolum
576 3265 637 3307 non
651 3249 857 3324 pugnaturum
880 3261 973 3324 porro
1000 3250 1105 3307 contra
1127 3251 1171 3317 te,
1193 3246 1250 3307 sed
1266 3245 1362 3308 etiam

124 3350 303 3432 supplicem
328 3350 387 3412 tibi
410 3353 555 3412 futurum.

212 3490 265 3551 Sin
301 3487 399 3572 (quod
422 3489 505 3552 Deus
528 3491 662 3567 avertat)
696 3505 759 3548 non
792 3490 882 3548 voles
917 3489 1125 3550 intermittere
1157 3503 1256 3566 agere
1289 3489 1361 3559 isla,

125 3608 209 3669 quae
232 3609 322 3668 quam
346 3593 487 3669 pessima
510 3592 574 3654 sint
597 3594 687 3653 vides
711 3597 742 3651 et
765 3607 862 3665 saepe
884 3591 1003 3662 fateris,
1026 3609 1066 3653 ne
1090 3593 1295 3670 egoquidem,
1310 3596 1364 3652 aut

125 3696 184 3757 alii
207 3695 255 3772 pii
288 3695 471 3757 desinemus
510 3695 581 3756 istis
605 3693 693 3756 malis
727 3693 887 3756 resistere.
933 3696 1116 3758 Miserabile
1149 3696 1210 3758 hoc
1234 3695 1362 3773 quidem

126 3800 196 3872 erit,
221 3816 294 3860 esse
318 3803 349 3861 in
371 3800 513 3861 Ecclesia
536 3801 690 3870 schisma,
715 3805 746 3860 et
770 3814 830 3876 ego
853 3815 950 3876 saepe
974 3797 1163 3878 Vitebcrgae
1195 3799 1298 3860 adhuc
1330 3798 1363 3858 id

126 3904 241 3964 malum
265 3905 433 3980 deplorans
456 3903 534 3974 dixi,
566 3903 615 3962 Me
634 3915 791 3975 nunquam
813 3908 943 3976 putasse
964 3904 1068 3964 furtiua
1090 3905 1193 3964 adhuc
1227 3919 1265 3963 ea
1286 3907 1363 3962 tem·

127 4021 215 4082 pora,
241 4003 355 4080 quibus
376 4006 475 4066 nostri
497 4006 624 4081 quidem
647 4011 878 4078 praeceptores
904 4005 957 4080 qui
981 4012 1042 4066 tam
1066 4007 1120 4066 dia
1136 4003 1361 4066 antichristum

128 4117 399 4188 oppugnaverunt,
422 4125 490 4169 cum
511 4105 681 4186 E‘pisoopis
704 4108 845 4168 hostibus
867 4107 1027 4168 Ecclesiae
1050 4108 1131 4169 clam
1153 4125 1209 4169 sua
1230 4107 1364 4169 consilia

128 4211 315 4283 conferrent,
327 4210 389 4272 Nos
401 4227 479 4272 vero
502 4210 636 4272 miseros
649 4210 797 4285 puerulos
822 4226 930 4272 eorum
943 4209 1118 4287 discipulos
1142 4218 1250 4274 contra
1273 4211 1363 4288 ipsas

129 4311 250 4389 aliquid
274 4313 414 4392 cogitare
438 4315 480 4376 sit
502 4331 647 4386 necesse,
672 4314 701 4375 si
729 4315 898 4392 puritatem
923 4313 1099 4392 Religionis
1127 4315 1262 4377 retinere
1286 4314 1363 4374 veli-

128 4434 206 4477 mus.
251 4417 327 4480 Dixi
351 4420 407 4481 tibi
431 4415 524 4481 etiam
545 4435 713 4496 persaepe,
737 4420 798 4479 ista
816 4419 1000 4494 Adiaphora
1022 4419 1200 4480 scanndalam
1224 4427 1256 4480 et
1272 4399 1363 4482 'schi-

130 4537 197 4581 sma
220 4521 252 4582 in
275 4519 419 4582 Ecclesia
439 4523 580 4597 paritura
602 4539 684 4582 esse.
730 4521 833 4582 Triste
856 4523 952 4600 igilur
975 4521 1102 4598 quidem
1125 4523 1185 4584 hoc
1209 4524 1277 4596 crit,
1305 4523 1363 4583 sed

129 4629 233 4684 tamea
256 4625 351 4700 longe
374 4625 496 4687 tristius
520 4631 622 4696 esset,
656 4626 685 4686 si
720 4641 829 4686 omnes
851 4623 1041 4686 unanimiter
1059 4625 1192 4703 papatui
1213 4627 1296 4688 viam
1331 4625 1363 4688 ia

131 4725 279 4803 templum
305 4725 419 4790 Christi
443 4733 665 4802 sterneremus,
690 4729 787 4807 eique
809 4731 965 4792 fenestras
989 4731 1195 4809 aperiremus.
