3072 5208
604 355 851 410 SUFPLEssNi'A
876 356 959 410 naal
978 352 1053 412 toto.

315 511 500 579 lnaoglieam
517 511 638 580 lingnam
654 512 790 566 translata
807 513 943 568 insanitur
962 513 991 564 in
1009 513 1166 566 betterici
1179 513 1253 565 loha
1268 511 1355 564 delrio
1371 527 1433 564 com-

316 598 391 668 piled
418 599 487 650 irom
506 599 553 649 ibe
572 598 690 664 original
709 599 894 666 manuscripta
924 600 977 652 aod
1005 600 1096 652 ediied
1124 600 1190 650 willr
1209 599 1348 664 historiast
1364 604 1433 652 noter

314 685 351 752 by
376 684 424 741 Dr.
444 685 517 736 Jniaa
535 683 650 736 Bonoet.
686 684 808 740 Vol.lll.
834 701 861 751 p.
872 684 1018 740 sat—tao.
1043 712 1076 722 -
1103 685 1177 738 Paul.
1199 686 1291 750 Henry
1316 685 1433 738 inlibro:

316 765 375 824 bct
393 765 471 824 aeter
490 765 599 834 Sobora
618 763 727 824 totana
747 773 789 823 tea
810 765 901 838 graina
914 759 1105 838 λιιιιιιιιιιιιι.
1125 771 1198 824 Tom.
1211 772 1258 827 lit.
1278 771 1306 820 Ρ.
1318 771 1338 824 Ι,
1354 787 1379 838 p.
1390 772 1434 823 571

316 873 357 923 aq.
377 863 471 912 nobi.
515 871 555 922 eo,
583 870 653 922 quae
683 857 711 906 in
731 857 814 924 priori
843 858 990 921 maiorique
1011 843 1146 924 epistolae
1165 866 1243 926 porte
1270 858 1436 917 continentur,

252 969 256 980 ·
315 943 435 996 breviter
459 941 618 1008 tndigitam,
644 941 774 1006 reliquam
793 941 852 992 eiua
871 946 977 1007 partem
994 937 1143 1010 (exiremis
1161 943 1241 994 lineis
1260 938 1390 1008 exceptio)
1411 942 1434 990 in

315 1029 486 1084 vernaculam
503 1029 626 1095 linguord
643 1029 736 1089 vertit,
766 1028 825 1079 scil.
843 1029 942 1080 verba:
969 1037 1041 1094 ,ιιι
1060 1029 1111 1082 llbi
1136 1030 1226 1082 miore
1246 1029 1344 1080 acerba
1360 1027 1435 1078 rideri

315 1117 397 1175 debet
413 1138 526 1158 ---
543 1116 683 1170 innumero
700 1115 806 1182 piorum
823 1115 902 1166 larba
920 1121 947 1166 ie
966 1123 1123 1171 reverenter
1135 1116 1284 1173 solutumst

607 1267 765 1334 calvinus
788 1269 1050 1370 Melanchtltoni.

299 1427 328 1493 S.
360 1425 444 1499 Quia
466 1445 527 1491 non
551 1426 674 1503 ignoro,
699 1430 735 1486 ut
757 1427 850 1503 piger
874 1441 908 1488 as
930 1427 971 1488 ad
984 1427 1188 1488 scribendum
1210 1425 1257 1488 ila
1270 1427 1437 1494 humaniter

212 1531 275 1598 hoc
298 1531 440 1608 oifioitim
462 1537 495 1590 ta
526 1526 639 1592 amicis
665 1529 826 1590 remittere
849 1563 890 1576 --
909 1563 951 1576 -
973 1530 1139 1591 ω-ἰιιῖιιιιιι
1161 1531 1370 1593 excusatione
1388 1528 1439 1608 ull,

213 1632 462 1700 clarissim'evir
483 1641 516 1698 et
539 1632 725 1695 Reverendo
747 1634 854 1703 freter,
878 1633 943 1694 nisi
967 1634 1042 1710 quia
1066 1635 1154 1695 iuvat
1171 1633 1209 1694 in
1231 1633 1346 1696 sinum
1360 1641 1436 1695 tuum

212 1737 376 1812 molestias
414 1736 588 1812 deponere,
622 1748 753 1812 quarum
788 1751 884 1798 onere
922 1751 1056 1822 premor.
1102 1735 1178 1799 Cam
1215 1733 1364 1797 immunis
1384 1735 1437 1796 Dei

213 1839 318 1917 gratia
340 1840 379 1901 ad
402 1837 483 1900 hanc
504 1852 607 1912 usqne
632 1843 770 1899 aetatem
796 1856 815 1898 a
837 1845 988 1913 quartana
1010 1837 1097 1899 febre
1119 1836 1248 1898 luerim:
1271 1839 1438 1920 factumest

209 1937 384 2019 imperitia,
407 1923 549 2002 ot'hunc
565 1951 709 2001 ‘amorem
739 1937 792 2000 vix
815 1945 925 2016 quana
939 1940 1084 2020 accessio
1108 1939 1437 2022 corrigerebseroque

211 2041 390 2123 detegeret,
409 2027 515 2120 'quoto
540 2049 626 2104 esset
648 2040 751 2104 morbi
774 2057 886 2118 genas.
932 2036 998 2103 litii
1020 2031 1200 2103 autem'me
1223 2042 1321 2104 buius
1344 2059 1437 2103 socor-

212 2145 287 2209 diae
310 2148 419 2225 pndet,
443 2144 634 2208 excusabilis
657 2153 759 2206 tamen
786 2146 868 2220 apad
890 2151 924 2206 te
947 2143 1019 2215 erit,
1053 2146 1108 2205 ubi
1129 2127 1186 2205 ·'de
1209 2144 1436 2222 impedimentis

212 2249 314 2312 iucris
338 2251 455 2312 certior
476 2251 539 2310 fact
526 2256 587 2310 t.us
634 2247 735 2310 Primo
760 2258 832 2310 cum
854 2247 1063 2332 dormientem
1089 2246 1167 2308 vel
1158 2265 1223 2310 ram
1239 2250 1376 2326 sopitum
1398 2248 1437 2307 in-

212 2353 354 2428 vaderet,
386 2354 481 2414 facile
503 2351 564 2413 fuit
587 2354 666 2414 clam
690 2355 856 2429 obrepere,
886 2350 1078 2433 praesertim
1098 2369 1167 2447 oum
1190 2349 1338 2413 adiuncta
1361 2355 1437 2410 asset

212 2435 453 2542 molestissimis
477 2463 508 2516 et
530 2453 725 2517 acutissimis
760 2453 933 2524 doloribus,
963 2453 1086 2530 quibus
1120 2441 1215 2518 nimis
1247 2453 1437 2524 familiariter

212 2559 351 2621 assuevi.
396 2561 470 2620 Cum
494 2575 569 2618 vero
593 2565 711 2619 tremor
742 2559 843 2617 semei
878 2573 929 2616 mc
952 2556 1125 2632 corriperet
1148 2561 1204 2618 sub
1226 2564 1352 2635 tempus
1374 2572 1436 2618 coa

123 2645 126 2652 ¹
212 2679 288 2724 nae:
322 2661 465 2723 sulficere
487 2659 609 2738 potavi,
647 2658 676 2720 si
710 2674 798 2722 more
819 2665 892 2720 ineo
921 2657 1091 2722 cruditates
1128 2659 1237 2722 inedia
1270 2675 1435 2737 coquerem.

211 2763 370 2840 Postridie
393 2762 470 2834 licat
492 2762 632 2826 iacerem
657 2762 777 2832 viribus
801 2769 987 2840 proslmtua
1011 2765 1134 2828 lavatus
1155 2769 1263 2825 ioman
1285 2780 1325 2824 ac
1347 2775 1437 2839 prope

212 2869 337 2928 solatus
357 2865 552 2928 animantia
574 2865 698 2926 doloris
733 2867 772 2928 ad
787 2875 942 2942 ‘quamam
966 2873 1170 2944 congressum
1193 2865 1284 2926 rudis
1307 2873 1339 2926 at
1360 2865 1436 2942 igna-

191 2987 265 3046 ¹rus
288 2969 582 3046 pugnaeaccessi·
602 2967 688 3029 Nunc
710 2969 942 3046 sesquimensis
967 2961 1068 3047 prope
1093 2971 1220 3047 elapsus
1243 2975 1303 3040 est,
1328 2985 1366 3030 ex
1382 2983 1435 3043 quo

213 3074 285 3150 post
307 3073 422 3134 malum
447 3073 609 3150 cognitum
632 3068 765 3134 Medicis
788 3073 935 3134 addictus
959 3071 1127 3148 samoni
1157 3088 1207 3132 ma
1231 3070 1405 3134 cubiculo
1398 3087 1436 3131 m-

206 3174 352 3280 elodiam,
377 3171 471 3237 immo
496 3177 577 3236 lecto
601 3175 669 3234 fere
692 3175 820 3235 affixum
842 3179 960 3245 tenent,
964 3173 1106 3268 duplipi
1130 3174 1223 3236 eiiam
1245 3175 1324 3239 felle
1347 3174 1436 3239 muni·

210 3284 292 3347 tum,
313 3255 459 3338 subinde
473 3249 657 3337 ¹occinentes
681 3277 760 3337 illnd
783 3275 963 3362 Sophoclis.
1009 3279 1109 3338 Alvus
1142 3275 1188 3337 ita
1222 3275 1375 3347 induruit,
1408 3282 1436 3334 ut

210 3379 291 3440 nihil
313 3381 378 3441 nisi
401 3381 540 3454 clystere
564 3386 721 3440 extortum
745 3379 895 3457 agaret¹),
934 3381 1018 3456 quod
1049 3385 1098 3442 asi
1133 3398 1152 3441 a
1183 3395 1255 3440 mea
1279 3388 1434 3442 consuetu·

210 3481 286 3544 dine
306 3483 399 3544 valde
422 3489 584 3543 remotum.
619 3481 850 3543 :incaseatum
866 3482 953 3542 ‘mihi
988 3477 1128 3556 optimos
1151 3496 1299 3558 quosque
1324 3489 1355 3544 et
1375 3499 1434 3544 sua·

211 3583 360 3646 vissimos
385 3585 485 3655 cibos,
524 3598 657 3660 quoram
680 3577 785 3650 nniiai
807 3583 915 3662 'goslani
953 3585 1080 3655 arridet,
1117 3586 1202 3645 unda
1225 3585 1271 3655 fil,
1302 3590 1337 3646 ut
1358 3585 1435 3644 vires

209 3688 361 3763 oanlotirn
382 3687 596 3766 languescenti
639 3690 754 3748 Laetor
774 3693 883 3749 tamen·
914 3695 951 3752 el
984 3685 1145 3749 alimentis
1177 3685 1255 3748 licat
1291 3686 1434 3764 insipidis

209 3791 418 3851 ventriculum
439 3795 634 3866 prostratum
652 3791 775 3860 reficio,
797 3805 857 3852 nec
877 3791 1041 3854 fastidium
1064 3790 1220 3852 dominari
1239 3790 1360 3869 patior,
1383 3803 1433 3850 noc

207 3893 595 3977 iaciopquod'pleriprre.
619 3899 662 3960 nl:
676 3893 799 3956 orexim
823 3895 901 3956 mihi
935 3893 1113 3966 conciliem,
1147 3894 1316 3957 illecebras
1339 3911 1432 3958 accer-

209 4012 283 4058 sens
306 3994 338 4056 in
363 3997 425 4057 hoo
447 3999 555 4058 morbo
582 3995 703 4058 noxias.
750 3997 856 4067 immo,
894 4015 935 4086 na
958 4001 1056 4060 latum
1078 3996 1206 4073 quidam
1229 4014 1366 4075 unguem
1399 3999 1430 4057 ab

208 4115 258 4171 aa,
297 4117 386 4176 quam
409 4098 527 4161 Medici
549 4099 780 4177 praescribunt,
819 4101 893 4178 lege
921 4101 1069 4171 deflecto,
1107 4099 1172 4162 nisi
1194 4100 1310 4176 quod
1302 4118 1332 4162 ιι
1356 4106 1429 4160 lanta

207 4201 363 4298 aviditate
386 4205 478 4281 paulo
502 4203 622 4281 largius
646 4203 756 4264 bibere
794 4203 880 4266 mibi
897 4205 1072 4280 permittoz·
1069 4205 1181 4280 quod
1192 4203 1311 4310 ioaopn
1331 4199 1426 4282 partim

208 4304 328 4381 imputo
353 4323 464 4367 eornm
487 4308 611 4383 culpae,
647 4305 702 4383 qui
733 4306 805 4368 Vini
827 4306 1019 4385 Burgundici
1048 4323 1157 4383 potum
1180 4307 1277 4370 anxie
1282 4288 1424 4383 exigunt,

208 4407 291 4482 quod
314 4408 369 4470 vix
391 4427 474 4485 aqua
494 4388 797 4482 dilectationem
820 4389 1054 4472 mediocritati
1059 4391 1173 4488 pler-ie
1177 4428 1191 4470 s
1213 4411 1344 4472 liberum
1359 4405 1424 4468 rnibi

230 4653 236 4660 ·
258 4625 273 4670 n·
283 4633 340 4700 alli
354 4632 477 4700 agoreb]
496 4623 615 4688 imilliae
631 4629 763 4688 tabuiaili
781 4635 946 4704 apographo·
960 4625 1080 4702 tegritas
1095 4629 1201 4702 egeial,
1239 4645 1243 4654 ’
