3064 5206
921 256 928 296 l

206 321 273 399 tta
593 339 837 394 surrrnxuura
857 340 940 392 auur
962 341 1036 396 ttbb.

208 497 318 557 naciae
349 491 533 556 adscribes?
592 495 624 554 ld
658 509 731 554 vero
762 513 781 555 a
810 503 865 558 tua
892 496 1051 556 modestia
1087 511 1180 572 quam
1216 497 1356 557 alienum
1390 497 1438 564 sit,

209 598 305 659 norit.
358 601 402 657 'ln
426 600 454 658 si
478 599 516 658 ad
541 599 715 658 cedendum
743 599 832 658 luisti
863 597 1007 668 mollior,
1039 600 1072 659 id
1101 599 1160 659 tibi
1191 598 1273 660 vitio
1296 616 1313 659 a
1335 599 1439 658 multis
1521 629 1522 640 ι

207 701 307 768 verti,
332 717 393 760 non
420 708 467 758 est
491 699 575 773 quod
598 699 732 760 mireris.
789 699 896 770 Adde,
929 701 1012 776 quod
1043 716 1152 762 eruum
1177 708 1316 777 quaein
1336 699 1440 760 media
1521 755 1522 764 ,

207 803 303 871 lacis,
336 803 489 880 quaedam
521 819 591 864 cum
613 801 674 862 Dei
706 806 801 862 verbo
835 799 1003 862 manifeste
1029 811 1178 882 pugnant.
1229 803 1329 869 Nimis
1354 817 1439 880 prae·
1521 803 1522 864 l

208 907 275 965 eise
305 905 451 966 fortassis
482 904 635 979 quaedam
664 905 721 966 alii
750 911 882 981 urgent,
922 911 1018 980 atque
1053 912 1088 966 ut
1122 907 1156 968 in
1182 906 1439 968 contentionibus

207 1008 279 1068 fieri
303 1008 402 1075 solet,
435 1007 548 1067 odiose
578 1007 733 1081 quaedam
765 1007 944 1084 exagitant,
976 1009 1091 1082 quibus
1121 1027 1181 1069 non
1216 1010 1300 1068 inest
1324 1013 1441 1069 lautum

208 1110 291 1168 mali.
337 1108 451 1167 Verum
484 1109 512 1166 si
544 1108 619 1182 quid
649 1109 680 1168 in
714 1111 808 1171 rebus
839 1107 958 1169 diuinis
983 1108 1148 1188 intelligo,
1180 1116 1241 1170 tam
1269 1111 1370 1172 multa
1391 1111 1440 1171 Pa-

208 1207 383 1290 pistlsjabs
409 1217 439 1269 te
464 1211 596 1270 concedi
622 1230 682 1271 non
708 1212 865 1286 oportuit:
890 1213 1002 1288 partim
1026 1212 1102 1288 quia
1117 1211 1234 1274 laxasti
1251 1228 1333 1290 quae
1349 1217 1440 1274 verbo

209 1329 266 1374 suo
298 1314 450 1373 Dominus
481 1313 666 1390 adstringit,
705 1312 819 1389 partim
851 1315 925 1388 quia
963 1321 1110 1389 proterve
1140 1314 1316 1392 Evangelio
1348 1314 1440 1378 insul-

209 1415 298 1474 tandi
322 1405 494 1476 materiam
508 1415 634 1476 dedisti.
681 1417 780 1488 Quum
804 1416 1005 1476 circumcisio
1031 1417 1133 1477 adbuc
1156 1419 1245 1479 licite
1268 1427 1368 1488 esset,
1391 1437 1438 1479 an-

210 1535 272 1577 uon
295 1518 384 1576 vides
398 1519 543 1587 Paulum,
568 1519 643 1594 quia
668 1521 789 1579 versuti
812 1537 850 1579 ac
873 1520 1028 1580 malitiosi
1051 1536 1192 1596 aucupes
1218 1520 1353 1581 insidias
1377 1523 1440 1597 pio-

211 1637 277 1680 rum
300 1621 439 1681 libertati
464 1622 649 1690 tendebant,
685 1622 752 1682 illis
777 1622 952 1698 profectam
975 1640 997 1696 a,
1016 1621 1087 1683 Deo
1112 1621 1324 1684 ceremoniam
1349 1622 1440 1699 perti·

210 1723 332 1783 uaciter
356 1719 496 1800 negare?
531 1723 642 1798 ltaque
666 1741 705 1783 ne
730 1726 768 1785 ad
793 1731 984 1786 luculentum
1010 1725 1135 1802 quidem
1159 1742 1195 1785 se
1218 1725 1284 1786 illis
1305 1727 1441 1786 cessisse
1522 1707 1523 1714 ἶ

210 1824 366 1902 gloriatur
379 1825 417 1899 ¹),
450 1845 512 1900 quo
536 1825 703 1903 Evangelii
728 1829 847 1888 veritas
880 1830 1004 1905 integra
1035 1836 1177 1890 maneret
1209 1829 1293 1905 apud
1320 1829 1441 1889 Gentes.

212 1927 314 1988 Hodie
338 1921 414 1988 veie
443 1949 503 1988 uon
528 1930 567 1987 de
592 1929 835 1990 circumcisione
868 1932 960 1992 nobis
983 1931 1112 1992 molesti
1135 1939 1206 1991 snut
1229 1923 1356 1992 hostes:
1390 1931 1442 1992 sed

211 2047 251 2090 ne
276 2031 351 2105 quid
371 2032 529 2090 sincerum
554 2031 646 2090 uobis
671 2033 871 2107 relinquant,
906 2032 1027 2108 putidis
1059 2030 1127 2093 suis
1151 2033 1315 2099 fermentis
1339 2041 1372 2095 et
1393 2035 1442 2094 do·

213 2131 344 2194 ctrinam
366 2142 396 2192 et
419 2136 524 2193 onrrria
544 2136 674 2210 pietatis
698 2137 851 2195 exercitia
868 2135 1020 2196 inficiunt.
1055 2135 1143 2206 erod
1158 2135 1442 2215 Magdeburgenses

212 2237 293 2297 dicis
318 2243 436 2297 tautum
461 2239 500 2296 de
524 2237 610 2297 linea
636 2245 725 2297 vesle
752 2241 837 2298 rixas
861 2255 1000 2309 movere,
1026 2222 1173 2314 quorsum
1194 2237 1362 2314 pertineat,
1386 2258 1440 2299 non

214 2331 318 2400 uideo.
364 2342 483 2402 Liueae
509 2343 594 2402 enim
619 2343 717 2402 vestis
748 2360 838 2401 usum
868 2360 938 2402 cum
967 2342 1073 2402 multis
1098 2343 1248 2419 ineptiis,
1279 2351 1342 2403 lam
1365 2343 1441 2420 apud
1523 2367 1524 2386 ι

215 2462 270 2502 vos
296 2462 385 2519 quam
411 2446 494 2521 apud
518 2445 591 2506 illos
615 2439 769 2506 lracleuns
795 2451 949 2505 retentum
978 2445 1079 2505 fuisse
1103 2445 1245 2506 arbitror.
1292 2445 1355 2506 Sed
1378 2463 1442 2524 pro·
1523 2463 1524 2494 ³

212 2549 306 2617 lecto¹
322 2548 533 2609 crassioribus
560 2555 590 2606 te
615 2549 804 2624 corruptelis
829 2565 952 2608 marmm
976 2547 1122 2617 dedisse,
1159 2561 1240 2622 quae
1271 2555 1381 2626 aperte
1408 2547 1441 2607 ad

214 2648 384 2736 uitiandam
416 2651 512 2710 totius
542 2653 704 2712 doctrinae
728 2651 916 2725 puritatem,
954 2658 986 2708 et
1009 2651 1262 2713 labefactandum
1285 2651 1442 2712 Ecclesiae

215 2738 330 2814 siatum
360 2755 506 2824 tendunt,
542 2756 660 2830 passim
698 2752 832 2814 fremunt
863 2754 938 2813 boni
970 2759 1002 2812 et
1033 2751 1180 2830 religiosi
1212 2753 1366 2814 homines
1414 2751 1444 2812 Si

215 2857 296 2931 sorte
321 2859 405 2933 quod
430 2858 488 2918 tibi
512 2859 681 2934 aliquando
706 2859 790 2927 dixi,
815 2857 933 2917 oblitus
959 2871 1011 2925 es,
1036 2873 1118 2917 nnnc
1143 2857 1175 2918 iu
1198 2859 1382 2920 memoriam
1402 2872 1443 2916 re·

217 2977 313 3020 uoco:
344 2961 439 3020 nimis
470 2979 573 3022 aarum
606 2977 679 3021 esse
709 2941 801 3021 nobis
832 2966 1056 3030 alramenlum,
1089 2961 1117 3020 si
1141 2977 1179 3021 ea
1203 2953 1307 3022 literis
1340 2959 1443 3022 testari

217 3047 414 3133 dubitemuS,
452 3082 534 3140 quae
558 3071 604 3125 tot
628 3081 666 3125 ex
690 3063 796 3128 medio
821 3079 920 3140 grege
944 3069 1100 3138 martyres
1125 3063 1272 3140 quotidie
1295 3063 1443 3141 sanguiue

218 3163 478 3254 suo'obsignant.
525 3173 629 3244 Atque
656 3167 700 3228 ita
724 3167 852 3243 quidem
876 3167 1046 3247 loquebar,
1073 3147 1135 3242 quo
1159 3173 1304 3246 tempore
1326 3166 1444 3245 longius
1524 3203 1525 3248 t

217 3273 233 3329 a
261 3273 395 3358 telorum
426 3273 511 3332 iactu
541 3275 656 3333 abesse
686 3271 880 3330 videbamur.
904 3259 906 3266 ⁴
933 3269 1021 3358 Nunc
1054 3287 1148 3345 quum
1178 3289 1237 3330 nos
1270 3271 1302 3331 in
1327 3286 1443 3330 arenam
1524 3275 1525 3282 ’

218 3367 372 3434 Dominus
397 3374 606 3450 protraxerit,
631 3391 669 3434 eo
687 3372 814 3434 virilius
832 3391 889 3433 nos
913 3371 992 3432 eniti
1013 3365 1156 3433 decebat.
1195 3371 1283 3443 alia,
1307 3380 1342 3433 ut
1359 3368 1444 3439 nosti,

218 3485 271 3536 tua
296 3485 344 3536 est
368 3456 460 3554 quam
483 3479 651 3538 multorum
675 3473 825 3536 conditio.
860 3477 934 3536 Plus
959 3473 1048 3536 enim
1072 3475 1268 3553 ignominiae
1292 3475 1383 3537 ducis
1401 3471 1442 3530 rel

177 3637 180 3641 .
219 3561 420 3657 antesignani
451 3579 643 3656 trepidatio,
674 3597 766 3655 quam
797 3577 1019 3657 gregariorum
1050 3577 1186 3640 militum
1209 3580 1285 3654 iuga
1309 3575 1443 3638 sustinet.

218 3673 299 3760 Ergo
323 3690 357 3740 ut
382 3683 515 3742 aliorum
540 3681 705 3743 timiditati
730 3687 890 3760 parcatur,
922 3682 987 3744 nisi
1016 3682 1187 3763 aequabile
1219 3678 1358 3742 invictae
1381 3696 1442 3739 con·

220 3786 356 3845 stantiae
382 3787 560 3863 exemplum
585 3786 751 3856 ostendas,
784 3783 1023 3845 vacillationem
1054 3786 1085 3844 in
1116 3791 1202 3844 tanto
1232 3783 1303 3843 viro
1327 3801 1384 3843 uon
1406 3782 1432 3840 le
1524 3847 1525 3852 η

221 3890 350 3951 rendam
375 3907 447 3951 esse
474 3907 584 3950 omnes
608 3889 722 3950 dicent.
777 3891 888 3964 ltaque
920 3887 1028 3966 plures
1058 3895 1091 3947 tu
1113 3907 1194 3947 uuus
1219 3887 1379 3963 paululum
1401 3899 1442 3942 ce-

220 3991 340 4062 dendo,
366 3993 581 4076 querimonias
607 4000 638 4052 et
661 3991 798 4072 gemitus
824 3991 993 4062 excitasti,
1019 4008 1112 4066 quam
1131 3998 1256 4051 centum
1276 3991 1443 4052 mediocres

220 4103 330 4172 aperta
362 4095 551 4181 deiectione.
612 4095 796 4170 Quanquam
831 4102 936 4156 autem
959 4099 1062 4184 ¹certo
1094 4109 1267 4170 persuasus
1303 4109 1384 4162 sum,
1416 4095 1442 4146 le

220 4200 331 4260 mortis
356 4178 525 4260 formidine
551 4217 705 4276 nurrquam
729 4201 927 4276 compulsum
950 4197 1070 4266 fuisse,
1101 4204 1136 4257 ut
1153 4215 1171 4257 a
1187 4202 1275 4260 recta
1298 4195 1382 4257 linea
1400 4189 1442 4250 vel

221 4301 385 4361 minimum
408 4320 545 4378 unquam
574 4302 781 4362 detlecteres:
813 4303 885 4362 fieri
917 4307 1021 4362 tamen
1052 4297 1200 4378 potuisse
1230 4300 1389 4376 suspicor,
1415 4299 1443 4350 ul

222 4405 358 4464 animum
382 4413 467 4463 tuum
492 4405 555 4464 alia
579 4403 702 4466 timoris
726 4407 854 4479 species
872 4405 1072 4479 percelleret.
1109 4401 1182 4486 Scio
1200 4402 1302 4472 enim,
1326 4403 1442 4476 quanto-

313 4629 337 4692 l)
364 4629 421 4680 Gal.
441 4631 465 4691 2,
485 4631 509 4679 5.
