3116 5212
596 353 780 418 arrrnmx.
1248 347 1317 420 tat

182 519 245 582 Vos
280 523 407 598 utrique
429 520 510 600 parti
544 522 607 580 Vos
641 520 862 593 venditabatis,
896 523 1319 600 vestramque-voluntatem

79 621 321 698 praedicabatis,
345 633 375 685 et
399 621 546 700 inprimis
569 623 711 682 Vestram
736 622 837 684 aularn
857 624 990 685 Caesari
1014 629 1046 685 et
1068 627 1141 687 aliis
1163 627 1315 687 adversa-

79 725 135 786 riis
157 735 235 804 (non
259 728 329 787 sine
344 727 510 787 manifesta
532 723 757 808 abnegatione)
781 728 973 800 persuadere
991 730 1233 806 permittebatis,
1248 729 1313 788 Vos

77 845 148 890 esse
182 830 221 892 ad
244 847 367 892 omnem
391 829 603 892 obedientiam
627 835 772 906 paratos,
808 829 891 890 sicut
926 837 958 891 et
988 832 1180 908 principium
1207 833 1310 894 Vestri

76 930 190 1006 Lipsici
214 935 362 999 baiardus
382 940 436 994 aut
457 934 610 994 formulae
635 933 748 993 suadet
773 933 950 993 consulenti
974 935 1125 1012 Regioni,
1142 952 1179 994 an
1204 935 1315 998 debeat

78 1037 208 1098 Caesari
233 1038 392 1098 mandanti
416 1039 542 1098 lnterim
567 1033 708 1106 obedire,
732 1042 766 1096 ut
790 1035 823 1096 id
847 1037 948 1098 iaciat.
982 1039 1097 1099 Contra
1120 1041 1204 1116 apud
1214 1039 1313 1101 Eran-

76 1142 197 1217 geticos
221 1141 345 1200 laudern
370 1145 513 1200 retentae
535 1153 634 1216 purae
656 1136 821 1216 religionis
845 1139 1009 1215 studiique
1032 1141 1236 1202 conservandi
1258 1159 1316 1202 no-

75 1246 154 1303 stras
178 1241 341 1304 Ecclesias
366 1247 398 1302 et
420 1243 548 1303 arcendi
573 1243 662 1318 lupos
685 1241 813 1320 (quibus
837 1247 940 1304 tamen
963 1242 1219 1304 iurisdietionem
1244 1245 1314 1304 red-

75 1343 210 1426 debatis)
234 1348 488 1423 aucupabamini.

159 1485 201 1544 at
224 1502 282 1543 nos
307 1481 412 1544 miseri
435 1477 484 1566 (ut
507 1481 588 1558 dixi)
612 1488 642 1541 et
666 1499 685 1541 a
707 1481 885 1540 llllonarchis
909 1497 944 1540 ac
968 1480 1103 1558 papistis
1127 1483 1315 1542 condemna·

74 1589 190 1656 bamur,
216 1588 357 1648 sciebant
382 1586 477 1657 enirn,
502 1587 584 1664 quod
608 1601 660 1645 res
684 1591 744 1654 est,
783 1583 951 1659 quodnisi
984 1585 1037 1645 hic
1070 1586 1206 1646 luissent
1230 1587 1315 1646 reln-

75 1690 212 1752 tationes
236 1693 480 1770 corruptelarum
505 1697 537 1750 et
560 1687 797 1750 adhortationes
827 1685 865 1747 ad
888 1690 1091 1750 constantiam
1117 1689 1315 1767 conscriptae

75 1801 103 1852 et
128 1792 313 1871 impressae,
335 1795 475 1869 ipsorum
499 1791 742 1853 interimisticus
767 1799 896 1852 conatus
921 1791 968 1852 eis
994 1791 1121 1866 pulchre
1143 1797 1315 1855 successis-

76 1903 132 1965 set,
156 1905 327 1972 nostraqne
362 1899 409 1978 (ut
433 1895 496 1973 ipsi
519 1912 588 1957 eam
612 1893 776 1978 vocabant)
800 1894 946 1956 haeresis
976 1913 1038 1956 uno
1061 1906 1218 1958 momento
1242 1915 1314 1973 pes-

75 2018 139 2060 sum
163 2000 287 2061 ivisset.
333 1998 370 2061 Et
406 1997 766 2076 apseudoevangelicis
797 2016 916 2059 summo
942 1999 1016 2060 odio
1042 1997 1242 2071 habebamur,
1276 2003 1316 2060 si·

76 2105 230 2165 rnulabaut
253 2103 334 2164 enirn
359 2120 394 2164 se
419 2105 553 2175 nescire,
577 2102 662 2178 quod
676 2104 829 2173 sciebant,
855 2121 911 2162 nos
938 2103 1060 2164 scilicet
1085 2123 1141 2180 pro
1159 2103 1314 2164 communi

77 2206 230 2285 religione
255 2216 384 2268 certare.
430 2208 633 2268 Accedebant
667 2223 759 2281 porro
796 2207 925 2267 Vestrae
949 2213 1072 2267 atroces
1097 2207 1315 2269 accusationes

77 2325 112 2369 ao
132 2312 348 2373 damnationes
372 2320 434 2373 turn
459 2306 587 2387 scriptis
611 2318 675 2370 trun
700 2309 731 2369 in
755 2309 895 2384 publicis
913 2309 1106 2372 lectionibus
1130 2317 1167 2372 ac'
1182 2311 1314 2372 'concio-

73 2415 161 2476 nibus
185 2417 215 2476 in
240 2434 297 2477 nos
322 2415 450 2486 effusae,
474 2432 555 2493 quae
579 2421 732 2490 utrosque
759 2422 865 2475 contra
888 2433 945 2475 nos
981 2415 1166 2476 animabant.
1212 2417 1314 2487 Quare

70 2519 191 2580 tandem
216 2520 296 2598 lacta
320 2518 476 2580 communi
512 2515 749 2594 conspiratione
774 2513 1014 2578 Antichristiani
1054 2525 1085 2578 el
1108 2517 1313 2593 pseudochri-

70 2621 163 2683 stiani
178 2623 335 2697 correptis
349 2623 443 2684 armis
466 2623 497 2683 in
513 2641 570 2682 nos
584 2619 717 2681 miseros
730 2619 865 2680 hornunc
879 2617 970 2680 iones
980 2620 1147 2690 irruerunt,
1160 2628 1314 2680 nostrum·

74 2743 133 2800 que
147 2728 286 2792 exitium
300 2727 438 2788 lurenter
452 2727 686 2801 quaesiverunt.
700 2723 763 2784 lam
777 2724 882 2804 cogita
904 2731 1020 2802 quanto
1033 2725 1153 2785 tristius
1168 2723 1314 2801 quiddam

74 2834 119 2888 est
142 2830 274 2892 lacerari
299 2848 331 2890 re
356 2830 429 2907 ipsa
452 2847 542 2906 quarn
566 2829 682 2898 verbis,
706 2835 792 2888 tanto
817 2836 956 2890 nostram
981 2831 1140 2904 qurerelarn
1166 2843 1238 2887 esse
1267 2827 1310 2885 iu-

73 2934 203 2994 stiorem
228 2944 342 3006 vestra,
369 2917 414 2995 'ut
438 2942 558 2993 taceam
589 2933 628 2991 de
653 2933 768 3001 causis,
787 2924 870 3007 'quas
894 2941 965 2992 ante
990 2929 1138 2994 indicavi.
1184 2931 1313 2992 Cecide-

72 3044 141 3096 runt
164 3036 243 3097 mihi
267 3042 284 3098 5
309 3035 413 3115 magni
437 3034 525 3114 globi
548 3032 757 3094 bombardarii
780 3032 812 3093 in
829 3035 965 3102 domum,
987 3053 1067 3095 unrts
1090 3034 1144 3112 qui
1165 3037 1206 3096 25
1221 3033 1314 3094 libras

75 3140 220 3211 habebat,
245 3141 276 3199 in
301 3140 448 3209 culinam,
471 3143 631 3213 totumque
652 3132 811 3212 lapidibus
834 3136 985 3210 replevit,
1019 3137 1052 3198 ut
1084 3136 1112 3196 si
1148 3137 1321 3213 quisquam

75 3243 157 3303 intus
179 3243 303 3312 fnisset,
328 3243 403 3304 citra
427 3241 553 3302 dubium
578 3239 751 3314 periisset:
775 3237 856 3299 alius
881 3241 1067 3300 blibrarurn
1092 3240 1167 3300 mihi
1190 3241 1249 3298 s'nb
1270 3241 1313 3298 le-

75 3349 154 3405 ctum
177 3347 266 3406 venit
303 3353 335 3406 et
357 3335 512 3422 dissipata
535 3361 592 3421 per
607 3333 713 3403 ¹toturn
738 3339 912 3403 cubiculum
946 3339 1022 3404 'arca
1044 3345 1136 3404 linea
1153 3343 1314 3421 suppelle»

75 3447 150 3507 ctile
173 3450 292 3509 referta
315 3448 361 3510 ibi
385 3447 578 3524 conquievit.
624 3445 708 3506 Haec
737 3445 880 3522 prolecto
905 3447 1007 3507 minus
1031 3447 1209 3508 tolerabilia
1232 3453 1314 3516 sunt,

74 3566 160 3624 quarn
186 3551 324 3628 aliquem
343 3535 530 3613 maledicum
556 3550 664 3609 Sernei
688 3551 823 3627 perpeti.
870 3549 933 3611 Sed
957 3569 1018 3610 non
1043 3557 1104 3611 tam
1127 3551 1208 3612 meis
1234 3552 1313 3611 cala-

76 3654 233 3718 mitatibus
256 3673 348 3732 quam
371 3655 510 3716 civitatis
533 3657 684 3715 movebar
706 3671 751 3714 ac·
768 3655 864 3714 Deum
888 3658 996 3731 testor*
1023 3671 1134 3731 saepe,
1161 3671 1219 3716 me
1243 3671 1313 3715 eurn

76 3771 192 3828 orasse,
222 3767 257 3819 ut
280 3759 309 3819 si
332 3757 442 3820 sciens·
461 3759 626 3834 quicquam
650 3759 724 3818 lalsi
743 3759 839 3818 meis
864 3757 994 3834 scriptis
1018 3759 1237 3827 asseruissent,
1261 3760 1315 3818 aut

76 3859 153 3921 alias
176 3879 239 3922 non
263 3863 432 3939 religionis
453 3876 549 3936 purae
573 3859 825 3921 incolumitatem
850 3860 1094 3938 quaesivissem,
1116 3858 1314 3935 sicqueillia

77 3962 304 4026 calamitatibus
327 3964 530 4025 occasionem
546 3962 782 4040 praebuissem,
806 3965 850 4026 in,
863 3979 918 4024 me.
936 3973 1023 4046 suam
1046 3963 1123 4026 iram
1146 3967 1315 4034 averteret,

77 4081 124 4125 rna
146 4066 283 4141 puniret,
308 4074 340 4127 et
362 4067 480 4129 misero
504 4069 596 4145 gregi
616 4072 769 4141 pacaret.

157 4201 286 4266 Possem
311 4212 343 4266 et
366 4203 568 4288 ego'dicele
604 4205 685 4266 sicut
707 4205 752 4265 Tu
787 4205 822 4266 in·
844 4203 987 4280 Epistola
1023 4206 1062 4267 ad
1086 4202 1315 4265 Callcviziurn:

79 4305 141 4367 Non
164 4311 369 4390 movi'hasce
392 4311 507 4381 turbas,
532 4310 590 4369 sed
614 4307 712 4369 incidi
746 4309 779 4369 in
804 4323 869 4379 eas,
893 4310 949 4370 sed
973 4326 1042 4368 cunr
1066 4312 1236 4368 statuerem
1259 4307 1314 4366 do-

78 4413 205 4473 ctrinam
242 4413 381 4474 aVohis
415 4413 617 4474 instauratam
642 4429 716 4472 esse
737 4415 906 4490 genuinam
929 4413 1057 4483 Christi,
1092 4427 1226 4488 eamque
1265 4427 1314 4470 se-

81 4524 212 4588 quentes
237 4533 310 4576 esse
333 4534 436 4578 ueram
459 4517 644 4587 Ecclesiam,
682 4518 777 4576 malui
814 4533 863 4576 rnc
888 4532 957 4575 curn
980 4522 1074 4574 coetu
1097 4514 1315 4575 confitentium

82 4617 242 4681 veritatem
266 4627 298 4681 et
321 4621 510 4695 patientium
535 4627 665 4698 propter
689 4637 768 4694 eam,
792 4637 885 4695 quam
908 4636 978 4711 curn
1001 4618 1260 4721 persecutoribus
1284 4626 1315 4678 et
