3072 5208
173 245 242 331 etl
571 266 816 325 carrucarum
838 269 917 322 snm
940 269 1015 335 nnc.

173 439 212 490 ac
235 419 362 504 rpagis,
378 422 451 505 dum
474 424 506 487 id
531 443 590 501 uon
614 425 667 494 lit,
691 425 792 488 malus
815 426 855 484 de
878 426 970 490 vobis
994 445 1116 504 rumor,
1146 428 1301 505 videlicet
1324 427 1419 494 Vite·

173 522 291 598 bergas
314 522 443 597 quidem
467 523 498 585 in
523 524 636 587 ritibus
658 525 739 586 nihil
758 533 910 590 mutatum
924 543 1016 600 esse,
1040 530 1096 592 sed
1111 536 1216 607 tamen
1232 529 1419 607 inveteres

174 631 207 686 et
229 623 430 697 eliminatos,
460 629 515 704 qni
545 629 623 689 alibi
653 629 693 690 de
722 647 805 692 novo
836 628 1069 702 instaurentur,
1098 649 1156 692 vos
1186 631 1419 705 consensisse,

174 727 311 788 donasse
334 735 517 806 praeterea,
552 749 593 792 ne
623 731 700 807 qnid
730 731 761 792 in
793 731 987 812 sacrilegum
1016 733 1133 828 Papam
1162 741 1216 796 cut
1246 734 1340 797 illius
1366 753 1420 796 so-

175 830 243 893 cios
279 831 366 891 iures
395 827 575 912 Epis'copos
605 854 622 896 o
652 835 836 898 Pastoribus
868 852 886 895 e
915 843 1071 918 suggestu
1106 837 1246 924 atrocius
1275 835 1420 900 dicatur.

173 927 312 990 Perculit
339 931 401 994 lroc
430 934 553 995 animos
583 943 708 997 nostros
732 936 893 1010 nonnihil,
929 939 1183 1016 perpendentes,
1213 939 1300 1014 quod
1332 941 1421 1004 nihil
1531 997 1532 1006 ,

174 1040 207 1092 te
235 1029 364 1111 dignum
394 1036 427 1097 iu
449 1039 659 1100 confessione
690 1048 743 1102 lna
771 1049 882 1102 contra
912 1041 1041 1129 interim
1071 1043 1191 1124 scripta
1215 1061 1284 1105 ...a
1308 1039 1421 1128 lilla?

174 1132 279 1215 total)
304 1138 349 1198 'de
378 1155 412 1199 re
442 1139 539 1201 dicas.
591 1143 653 1204 Sed
685 1144 785 1203 nihilo
818 1145 922 1206 minus
955 1148 985 1207 in
1017 1161 1126 1223 spem,
1166 1145 1275 1228 priora
1305 1154 1422 1225 vestra

175 1235 333 1299 cert....'a
356 1241 595 1326 (certaminai)
618 1243 875 1316 considerantes,
908 1247 1007 1309 erecti
1032 1263 1155 1317 sumus,
1186 1249 1314 1310 forent
1337 1256 1423 1310 tem·
1531 1275 1532 1278 ¹

175 1354 235 1420 pus
279 1340 336 1403 isti
376 1353 503 1416 vestrae
549 1347 765 1410 imb---lilati
809 1347 1085 1432 (imbecillitatem
1125 1349 1314 1412 mederetur.
1387 1351 1424 1412 Si

174 1448 278 1504 tamen
301 1447 432 1519 anxios,
455 1449 620 1522 solicitos,
645 1460 799 1524 moestos,
828 1459 995 1532 gementes
1019 1472 1056 1516 ac
1080 1436 1259 1515 moerentes
1283 1473 1346 1515 nos
1374 1456 1422 1517 in-

174 1541 268 1608 te‘rim
296 1545 397 1610 luisse
426 1567 559 1630 negem,
591 1571 683 1629 quam
713 1563 798 1616 recto
830 1553 861 1617 id
892 1556 1025 1626 faciam,
1053 1555 1192 1618 viderint
1213 1556 1291 1630 alii,
1324 1564 1423 1622 certe

175 1646 317 1710 mentiar.
370 1648 475 1730 Atque
506 1643 646 1718 dum‘ad
679 1659 760 1720 bunc
790 1660 914 1720 modurn
940 1659 1176 1730 excruciemur,
1204 1668 1237 1722 et
1260 1678 1342 1739 prae
1366 1663 1423 1722 tri-

175 1749 266 1813 stitia
296 1757 524 1832 propemodum
554 1761 826 1832 contabescimus,
860 1779 951 1833 ecce,
985 1763 1113 1824 evolant
1142 1763 1247 1824 libelli
1277 1759 1424 1842 aliquot,

175 1850 386 1930 pessimarum
405 1860 654 1924 contentionum
685 1871 795 1927 testes.
851 1865 1011 1926 Periertur
1042 1866 1081 1926 ad
1104 1849 1163 1926 nos
1187 1865 1424 1927 Amsdorlii

176 1957 330 2042 scriptum
353 1969 461 2025 contra
481 1965 657 2028 orationem
675 1967 836 2046 tigleri
850 1965 871 2046 ¹)
890 1968 1022 2046 Lipsiae
1037 1970 1186 2030 habitam.
1220 1968 1425 2030 adferuntur

176 2056 252 2118 item
274 2063 416 2125 L‘uteri
439 2066 614 2144 epistolae,
651 2069 727 2132 olim
759 2070 791 2130 in
816 2069 964 2132 Comitiis
989 2070 1185 2151 Augustanis
1210 2072 1256 2152 ad
1279 2078 1314 2131 te
1338 2071 1423 2133 scri-

175 2167 268 2237 ptae,
292 2182 329 2225 ac
352 2166 384 2226 in
407 2169 454 2229 tui
479 2171 683 2257 ignominiam
707 2174 789 2233 haud
814 2173 912 2233 dubie
934 2190 1016 2234 nuno
1041 2173 1157 2244 editae.
1200 2159 1282 2236 'llox
1305 2173 1423 2252 Expli-

177 2267 261 2329 catio
291 2269 437 2346 sequitur
463 2258 506 2332 M]
525 2275 726 2337 loaclrimi
756 2275 995 2356 Vestphali,
1031 2293 1093 2353 qua
1122 2258 1290 2354 vulgatum
1317 2275 1423 2339 illud:
1532 2269 1533 2312 t

177 2365 273 2436 lara·
296 2368 362 2434 duo
384 2377 477 2440 mala
499 2383 605 2440 minas
628 2377 820 2462 eligendum
842 2391 907 2454 eat,
938 2380 1022 2456 qrrod
1052 2381 1157 2466 forsan
1190 2398 1246 2463 pro
1270 2387 1422 2470 tentatae

177 2474 360 2537 novationis
383 2477 572 2548 defensione
596 2483 729 2553 citatur,
758 2467 951 2544 contutatum
977 2490 1033 2544 ast.
1077 2483 1238 2544 Postremo
1262 2481 1422 2549 llambur-

177 2573 328 2653 geusiuur'
355 2581 394 2641 ad
422 2583 455 2642 te
477 2585 597 2666 scripta
626 2586 666 2644 dc
696 2587 788 2648 rebus
819 2585 1014 2666 Adiaphoris
1044 2585 1184 2659 epistola
1212 2580 1321 2666 prodit
1355 2603 1422 2648 una

178 2695 248 2743 curn
277 2687 331 2742 tuo
361 2700 517 2761 responso
528 2685 572 2770 ¹),
605 2696 636 2748 et
667 2705 705 2750 ex
738 2688 908 2766 insigniter
938 2687 1069 2751 moestis
1100 2705 1136 2748 ac
1159 2687 1293 2749 turbatis
1318 2688 1422 2768 longe

179 2781 318 2845 omnium
344 2785 579 2850 moestissimos
603 2808 639 2850 ac
662 2787 899 2852 turbatissimos
924 2809 981 2851 nos
1004 2787 1116 2854 reddit.
1162 2789 1239 2860 Quis
1264 2789 1366 2862 enim,
1391 2792 1422 2851 si

178 2887 337 2964 ppssibile
360 2889 419 2961 sit,
443 2909 506 2953 non
529 2893 675 2971 protinus
700 2895 889 2964 emoriatur,
923 2895 984 2955 ista
1007 2901 1068 2955 tarn
1092 2891 1225 2974 indigna
1247 2890 1334 2953 inter
1361 2910 1421 2954 eos

178 2983 310 3060 batres,
335 2991 391 3068 qui
415 2994 580 3058 columnae
604 2996 687 3058 inter
710 3017 768 3058 nos
793 3014 867 3062 esse
882 2998 1058 3066 debebant,
1081 2996 1255 3057 certamina
1267 2993 1421 3068 audiens,

178 3092 393 3185 ubi'maxt'me
412 3097 627 3174 Syncretismo
652 3119 734 3178 opus
759 3095 850 3161 erat?
886 3097 1088 3161 Perniciosas
1113 3087 1186 3158 esse
1211 3099 1243 3158 in
1267 3097 1421 3160 omnibus
1533 3151 1534 3170 ,

181 3185 268 3255 vitam
298 3195 478 3262 actionibus
509 3201 730 3262 dissensiones
762 3201 871 3280 esse')
907 3204 1033 3263 scimus.
1087 3201 1119 3261 ln
1150 3197 1283 3278 pietatis
1307 3208 1420 3262 antem

180 3285 322 3376 n'e'gotio'
344 3309 430 3364 tanto
460 3303 663 3368 nocentiores
693 3323 785 3376 esse,
818 3313 936 3381 quanto
966 3307 1007 3368 de
1037 3305 1143 3366 causis
1174 3303 1276 3382 magis
1306 3301 1420 3364 arduis

158 3399 234 3484 ¹bic
256 3403 377 3482 agitur,
402 3408 474 3483 quis
497 3403 616 3487 neget?
653 3391 849 3494 Ac'quidem
874 3408 1121 3471 commodiorem
1147 3407 1229 3471 viam
1252 3401 1292 3468 ad
1309 3403 1419 3490 ‘extin-

180 3499 337 3580 giiendam
366 3494 668 3589 Evangelii'lucem
698 3513 792 3575 Satan
811 3495 970 3575 ¹invenire
999 3498 1083 3574 haud
1115 3512 1290 3590 potuisset,
1321 3513 1419 3592 atque

180 3603 213 3666 id
245 3608 345 3685 gellus
375 3613 457 3675 inter
484 3612 546 3675 Vos
570 3613 814 3690 uicinitationes,
848 3615 1059 3679 Velitationes
1084 3620 1116 3673 et
1138 3614 1178 3673 de
1201 3613 1297 3673 rebus
1321 3610 1419 3672 Adia·

176 3709 293 3786 p'horis
316 3716 497 3778 certamina.
533 3718 621 3789 Quod
647 3719 732 3779 enim
756 3719 891 3780 antehac
913 3717 1013 3779 nullis
1035 3717 1190 3808 bellorum
1215 3712 1418 3784 tumultibus,

180 3814 278 3876 nullis
307 3818 475 3890 caedibus,
512 3822 597 3882 nulla
626 3821 758 3892 sevitia,
797 3822 883 3882 nulla
913 3820 1082 3902 tyrannide
1112 3817 1198 3879 ellici
1228 3817 1350 3896 potuit,
1385 3816 1418 3876 id

181 3920 265 3980 nunc'
293 3913 411 3984 rnatuis
441 3923 559 3986 nostris
590 3923 774 3987 votnm-ibus
805 3931 918 4003 magno
951 3920 1206 3984 adversariorum
1236 3925 1417 3980 nostrorum

181 4003 532 4104 adplausuperlicitur.
572 4012 690 4106 ‘Atque
715 4026 766 4090 bis
789 4028 874 4090 Fatis
898 4025 990 4088 unalis
1015 4032 1243 4103 praetexuntur·
1273 4021 1415 4084 modera-

181 4125 304 4198 tioneS,
328 4129 591 4202 conciliationcs,
622 4133 889 4222 condonationes,
921 4146 1002 4205 quae
1026 4127 1178 4206 temporis
1202 4123 1300 4187 huius
1323 4121 1415 4194 ratio,

186 4243 383 4260 h

268 4304 297 4368 lv)
316 4301 468 4360 Madardi
493 4305 612 4370 zlesiae,
645 4303 902 4370 Superintendeutis
930 4301 1101 4354 Electoratus
1125 4298 1273 4364 senonim,
1304 4296 1416 4364 qui·ia-

180 4390 260 4452 terim
278 4389 424 4459 Lipsieaea
442 4391 571 4444 inducere
591 4389 729 4445 studebat.
748 4389 789 4469 (a.
811 4390 887 4444 1552.
902 4385 1111 4454 postuasset).

267 4478 297 4544 2)
319 4476 389 4528 Vide
409 4475 488 4544 corp.
507 4475 568 4528 lter.
588 4477 647 4531 Vll.
669 4477 864 4545 paea—ead.
883 4475 932 4528 No.
948 4474 1026 4526 tole.

267 4564 297 4646 3)
320 4561 375 4615 Hoc
391 4563 506 4615 alterum
525 4577 605 4634 ease,
625 4562 724 4619 calami
743 4562 1015 4636 errorempatitnm,
1034 4561 1180 4630 deleuduru
1201 4566 1252 4623 eat.
1278 4597 1282 4633 :
