3064 5206
594 272 601 310 l

460 355 707 410 supremum
727 359 810 412 nrm
833 363 909 416 reno.
1246 343 1305 416 all

176 512 392 574 haeretieorum,
417 506 486 566 libro
511 511 587 568 Xlll.
611 514 796 576 (Frauoolorti
817 516 891 570 tote.
914 515 970 582 8⁰.)
997 533 1024 584 p.
1042 517 1199 572 odd-w.
1219 545 1255 560 -
1279 520 1309 570 ln

175 595 307 664 anglicam
334 595 456 662 lingnam
479 598 616 654 translata
645 599 744 664 legitur
778 601 805 652 in
831 601 915 654 hocce
942 603 1027 654 libro:
1060 601 1169 656 laetiora
1193 603 1224 654 ol
1243 603 1310 656 iohn

175 680 266 732 Calvin
286 682 422 749 compiled
445 681 513 734 hom
532 684 579 732 tha
597 685 714 750 original
735 689 920 754 manuscripta
953 687 1006 740 and
1027 687 1120 740 adited
1138 689 1204 740 with
1224 689 1310 742 hiato·

171 767 236 818 rioal
250 774 329 819 notes
342 769 378 833 bg
392 751 523 820 Dr.'lulee
540 767 655 822 Bonnet.
675 771 735 822 Vol.
748 771 782 822 ll.
804 772 1015 842 (Philadelphia.
1034 773 1090 840 8⁰.)
1109 790 1138 840 p.
1153 775 1309 826 eto—275.

174 853 256 920 epist.
270 853 331 906 263.
351 853 492 921 adscripto
513 853 592 906 dato:
613 853 716 921 „neth
737 857 802 910 lune
823 857 934 925 1550.]“
962 859 1016 910 hlii
1034 860 1106 912 hono
1126 859 1208 927 epist.
1228 859 1263 910 od
1284 875 1309 912 a.

175 939 250 990 leot.
269 938 407 1000 referunt,
423 939 486 991 vida
505 955 575 1006 qnae
594 940 666 991 intra
686 957 714 1009 p.
728 941 787 995 oet.
805 943 833 993 in
852 943 905 994 ilua
926 945 989 995 onnl
1010 945 1085 997 leot.
1106 945 1254 997 annotabo.

466 1055 624 1121 Calvinus
647 1058 909 1124 Melonohthoni.

154 1178 288 1238 Dicebat
308 1178 384 1238 olim
400 1177 563 1254 Satyricus
587 1177 693 1258 ille¹),
717 1179 751 1242 Si
772 1189 883 1243 natum
899 1190 1011 1262 negot,
1034 1182 1110 1244 lacit
1124 1182 1306 1260 indignatio

8 1331 9 1334 ,
82 1297 205 1342 versum.
241 1263 320 1342 Mihi
344 1299 425 1342 nnnc
449 1282 543 1360 longe
569 1299 662 1345 secus
686 1284 809 1345 accidit.
858 1286 946 1348 Adeo
972 1287 1056 1347 enirn
1079 1302 1129 1348 me
1152 1285 1308 1348 disertum

82 1404 134 1445 non
152 1384 226 1445 lacit
250 1400 404 1460 praesens
427 1383 534 1456 dolor,
558 1393 592 1446 ut
615 1389 682 1446 lere
706 1387 865 1466 elinguem
884 1386 993 1464 potius
1011 1388 1129 1448 reddat.
1164 1387 1308 1449 Praeter·

8 1475 10 1498 *
82 1505 162 1562 qnam
194 1485 278 1547 enim
310 1485 394 1559 qnod
424 1502 474 1545 me
505 1489 673 1550 verborum
702 1490 835 1550 facultas
866 1491 904 1550 ad
935 1490 1176 1568 exprimendum
1211 1489 1309 1552 animi

81 1589 217 1650 aiecium
240 1589 366 1659 delicit,
391 1591 460 1650 sola
484 1590 530 1650 rei
553 1591 593 1650 de
618 1609 679 1668 qua
699 1592 876 1668 scripturus
893 1610 962 1654 sum
977 1593 1175 1670 cogitatione
1191 1593 1308 1654 fractus

8 1695 9 1698 ’
80 1708 168 1768 prope
193 1691 386 1752 obmutesco.
420 1691 471 1751 hle
494 1691 603 1768 itaque
627 1711 757 1771 gemere
781 1692 889 1772 potius
914 1711 1007 1771 quam
1031 1695 1120 1770 loqni
1141 1693 1308 1756 existimes
1372 1676 1375 1684 ⁴

82 1796 176 1856 velim.
222 1793 425 1874 Quantopere
449 1795 568 1856 Christi
598 1799 709 1858 hostes
741 1798 922 1860 exhilarent
953 1803 1058 1860 vestra
1090 1815 1158 1858 cum
1182 1797 1318 1878 hlagde-¹

81 1897 280 1975 burgensibus
304 1899 493 1968 certamina,
523 1914 563 1960 ex
595 1900 719 1961 illorum
753 1899 899 1962 ludibriis
930 1917 967 1960 ac
998 1898 1106 1960 sannis
1131 1900 1203 1974 plus
1227 1899 1308 1960 sotis

82 2009 177 2060 nolum
201 2007 260 2060 est.
293 1997 431 2061 Foedum
455 2008 542 2062 certe
565 2020 602 2064 ac
625 2003 834 2072 detestabile,
858 2003 928 2064 Deo
954 2003 1084 2077 primum
1110 2008 1143 2063 et
1162 2001 1309 2080 Angelis,

81 2100 186 2162 deinde
218 2103 279 2162 toti
299 2101 465 2162 Ecclesiae
497 2105 712 2181 spectaculum
742 2107 903 2180 praebent.
961 2104 1035 2174 Hie,
1073 2105 1116 2164 mi
1146 2103 1307 2180 Philippo,

8 2219 9 2222 ¹
81 2206 166 2267 etiarn
188 2206 216 2265 si
239 2206 326 2284 nulla
349 2207 381 2265 in
406 2213 437 2266 te
460 2208 553 2282 culpa
575 2209 734 2277 haereret,
759 2207 948 2284 prudentiae
968 2215 1070 2268 tamen
1087 2211 1183 2281 atque
1199 2204 1308 2280 aequi-

81 2307 146 2368 tatis
170 2317 243 2369 tuae
266 2310 367 2379 foret,
396 2310 448 2368 vel
479 2310 618 2372 sanando
650 2312 732 2372 malo
762 2311 952 2382 remedium,
985 2311 1033 2368 vel
1064 2309 1239 2385 mitigando
1263 2309 1307 2368 le·

82 2428 181 2472 tamen
205 2413 319 2474 saltem
342 2413 474 2487 aliquod
498 2414 692 2492 excogitare.
739 2415 802 2474 Sed
826 2411 977 2492 ignosce,
1000 2413 1027 2472 si
1052 2427 1115 2488 ego
1138 2430 1200 2472 non
1221 2411 1307 2472 omni

82 2519 107 2570 te
133 2531 261 2590 prorsus
293 2518 386 2592 culpa
415 2517 526 2579 libero.
578 2520 683 2595 Atque
713 2519 787 2580 hinc
817 2515 1031 2580 coniecturam
1062 2516 1168 2576 lacere
1202 2519 1306 2592 potes,

81 2634 163 2690 qnam
185 2619 295 2696 gravia
318 2621 381 2679 sint
405 2619 539 2682 aliorum
562 2621 601 2682 de
625 2629 657 2680 te
681 2621 818 2692 iudicia,
849 2628 880 2681 et
910 2637 1002 2696 quam
1033 2615 1156 2680 sinistri
1186 2613 1307 2678 odiosi-

82 2735 134 2792 que
154 2737 326 2784 sermones.
378 2723 491 2784 Patere
515 2725 654 2796 interea,
679 2725 721 2786 tui
745 2722 912 2800 Philippa,
942 2729 976 2782 ut
1006 2721 1037 2782 in
1068 2721 1170 2781 libera
1201 2718 1307 2782 edmo-

81 2818 191 2883 nitione
215 2824 284 2884 veri
308 2824 401 2885 amici
426 2823 533 2888 olficio
557 2826 685 2904 iungar:
715 2846 752 2888 ac
777 2827 806 2886 si
828 2827 925 2904 paulo
949 2822 1054 2885 acrius
1077 2829 1182 2883 tecum
1204 2837 1305 2900 ogeru,

81 2925 305 3002 nequidquam
329 2929 402 2989 ideo
428 2945 467 2989 ex
490 2929 594 2989 veteri
617 2946 687 2989 mea
717 2929 749 2989 in
773 2937 805 2988 te
827 2927 1054 2989 benevolentia
1077 2932 1172 3001 atque
1197 2924 1304 2984 obser·

82 3029 177 3088 tantia
199 3028 397 3090 imminutum
422 3037 524 3110 putes.
576 3031 644 3092 Etsi
669 3031 754 3092 istud
777 3031 836 3091 tibi
860 3047 975 3091 novum
999 3029 1052 3088 vel
1076 3027 1219 3088 insolens
1242 3043 1306 3088 non

81 3127 148 3200 erit,
179 3148 227 3190 me
258 3131 376 3193 rustica
405 3135 514 3209 potins
546 3133 753 3212 simplicitate
787 3132 966 3200 offendere,
1004 3148 1096 3207 qnam
1125 3129 1304 3191 adulatorie

82 3228 106 3288 iu
127 3233 221 3296 ullius
252 3235 390 3296 hominis
420 3235 553 3314 gratiam
585 3237 682 3312 loqui.
733 3235 799 3314 Ego
832 3235 945 3304 etiam,
977 3234 1052 3310 quia
1077 3231 1218 3292 vicissim
1250 3247 1304 3315 ex·

83 3342 178 3406 pertus
202 3356 288 3408 sum,
318 3338 377 3400 tibi
407 3339 487 3400 nihil
520 3356 593 3400 esse
618 3339 817 3418 ingenuitate
847 3336 985 3415 gratius,
1016 3335 1120 3396 minus
1144 3335 1239 3394 anxie
1260 3333 1304 3394 la·

82 3437 163 3511 horo,
192 3459 232 3503 ne
255 3441 392 3503 moleste
415 3443 499 3504 ieras
522 3461 541 3504 a
563 3460 613 3503 me
637 3442 847 3519 reprehendi,
883 3440 912 3501 si
935 3438 1011 3518 quid
1042 3439 1111 3499 iure
1141 3435 1303 3514 displicet.

82 3539 169 3618 Cupio
200 3545 347 3620 equidem
378 3553 431 3606 tua
461 3545 567 3606 omnia
596 3547 666 3606 sine
697 3541 892 3620 exceptione
916 3541 1050 3604 etmihi
1085 3539 1239 3617 probare,
1272 3543 1304 3599 et

81 3641 151 3704 aliis.
195 3645 257 3708 Sed
282 3663 343 3725 ego
368 3653 399 3707 te
424 3666 505 3708 nunc
526 3648 610 3724 apud
633 3649 771 3725 teipsum
796 3665 930 3716 accuso,
961 3662 1000 3706 ne
1033 3643 1074 3705 iis
1108 3642 1162 3719 qui
1191 3643 1303 3702 obsen-

82 3747 134 3804 lem
155 3749 316 3820 damnant,
348 3767 444 3828 cogar
472 3748 681 3810 subscribere.
732 3747 820 3810 Haec
850 3755 924 3809 tuae
954 3744 1154 3807 detensionis
1184 3759 1304 3805 summo

82 3851 136 3907 est:
167 3851 261 3912 modo
291 3850 466 3913 retineatur
503 3852 667 3913 doctrinae
698 3852 836 3927 puritas,
874 3849 913 3910 de
945 3851 1039 3910 rebus
1069 3846 1210 3908 externis
1241 3864 1303 3906 nou

82 3960 143 4008 esse
171 3955 379 4030 pertinaciter
414 3953 633 4016 dimicandum.
695 3955 792 4029 Atqui
822 3955 850 4014 si
879 3970 990 4013 verum
1024 3956 1090 4021 cst,
1130 3947 1215 4025 qnod
1244 3967 1303 4026 pro

82 4060 155 4115 certo
179 4057 300 4133 passim
323 4057 493 4126 asseritur,
517 4064 550 4117 tu
574 4074 626 4118 res
648 4057 771 4117 medias
796 4061 828 4116 et
851 4053 1070 4116 indifferentes
1090 4049 1187 4112 nimis
1208 4052 1303 4127 longe

83 4159 223 4220 extendis.
263 4161 386 4220 Cultum
408 4159 471 4221 Dei
493 4159 582 4221 mille
605 4161 708 4222 modis
731 4160 815 4238 apud
837 4159 983 4236 Papistas
1006 4155 1217 4216 adulteratum
1240 4171 1302 4214 non

83 4252 204 4332 ignoras.
252 4263 454 4340 Corruptelas
485 4280 567 4339 quoe
589 4264 719 4324 minime
750 4261 936 4323 tolerabiles
967 4265 1071 4328 erant,
1106 4255 1301 4318 sustulimus.

83 4355 155 4422 Nune
177 4366 284 4442 impii,
315 4371 346 4424 nl
377 4366 417 4425 de
441 4369 570 4427 subacto
601 4366 774 4444 Evangelio
805 4364 998 4442 triumphum
1030 4367 1141 4439 agant,
1172 4360 1302 4422 easdem

84 4459 178 4526 iubent
207 4468 386 4528 restituere.
439 4468 472 4528 Si
497 4470 568 4546 quis
600 4484 748 4528 recusare
783 4485 843 4526 non
874 4463 1016 4534 dubitet,
1046 4463 1181 4525 hoccine
1203 4461 1302 4540 perti·

84 4577 273 4598 5-—

157 4636 184 4700 l)
208 4637 327 4690 inventi.
349 4643 402 4689 eat.
421 4642 446 4701 1,
463 4637 506 4689 79.
