3102 5202
215 363 282 436 tut
587 375 1100 436 emrtannraannrrncnnrt.

216 546 291 610 tem,
315 537 396 600 adde
419 539 452 598 et
475 542 605 614 propter
628 551 729 598 meatu
753 533 1070 606 commendationem,
1109 535 1279 609 complecti
1312 541 1345 594 et
1373 532 1459 594 tueri

218 639 311 704 velis.
356 640 444 702 Bene
468 639 549 701 vale.

733 845 936 853 *mm-...—

216 1003 288 1065 5180
1325 1033 1368 1042 “““
1391 1034 1436 1043 ““”

1304 1081 1456 1120 ψ

835 1141 883 1210 Ν.

285 1292 383 1358 loseph
402 1289 495 1343 (iburcl
524 1289 552 1341 ln
569 1288 653 1341 libro:
686 1289 742 1342 lita
758 1289 989 1356 Handaahrissan
1012 1291 1065 1344 tier
1082 1293 1110 1344 lt.
1128 1293 1157 1344 Ιι.
1177 1288 1395 1356 Holdtb'tr'athelr
1425 1292 1458 1342 iat

322 1379 418 1432 When.
455 1377 484 1443 (2
502 1377 572 1430 Ma.
607 1375 686 1426 Wien
709 1377 783 1430 1840.
804 1377 881 1429 teat.
910 1373 952 1443 8⁶)
987 1375 1063 1429 Toni.
1082 1376 1104 1428 Ι.
1123 1378 1223 1444 pm
1251 1378 1280 1427 in
1298 1377 1458 1429 recensione

319 1464 428 1518 codicia
447 1461 501 1520 tls,
521 1461 606 1514 chart.
625 1459 689 1512 Nro.
702 1459 778 1516 7589.
798 1460 900 1513 formae
917 1463 1051 1514 maximae
1077 1463 1171 1526 refert,
1188 1463 1234 1516 iol.
1255 1464 1299 1516 lb·
1316 1461 1457 1514 continere

317 1551 385 1606 Phil.
404 1547 621 1602 Melanchthouia
640 1545 783 1614 epistolam
802 1548 836 1598 ad
855 1547 888 1602 N.
899 1565 920 1600 a.
940 1549 977 1612 d..
999 1566 1073 1616 quae
1092 1549 1223 1618 incipiat:
1262 1549 1372 1610 „Triuia
1390 1547 1457 1600 lite-

320 1637 360 1690 ria
390 1635 542 1701 significavi
573 1647 713 1687 caesarem
733 1633 899 1686 italiabouae
926 1635 1079 1686 antichristi
1099 1635 1194 1702 opibus
1215 1636 1337 1688 adiutum
1355 1635 1458 1686 bellum

316 1727 410 1774 contra
419 1736 467 1773 roa
478 1719 642 1775 indixiare.“
655 1717 751 1772 Cetera
765 1719 823 1773 eiua
835 1722 916 1772 verba
932 1721 1067 1775 omisit-
1076 1719 1107 1773 In
1121 1721 1242 1774 eiusdem
1254 1721 1317 1772 iibri
1330 1719 1407 1778 Toni,
1421 1723 1456 1771 ll.

319 1823 347 1875 p.
363 1809 412 1863 tat
432 1822 472 1873 eq.
507 1805 638 1860 scotice
656 1805 711 1858 ΜΒ.
739 1806 828 1858 chart.
858 1805 923 1860 Nro.
942 1809 1036 1863 10344.
1064 1807 1164 1861 formae
1181 1809 1316 1860 maximae
1346 1805 1394 1859 iol.
1413 1809 1456 1859 20.

316 1896 394 1950 aden
412 1893 490 1944 aliam
501 1893 645 1961 epistolam
657 1893 807 1960 integram:
822 1893 973 1958 Philippus
981 1895 1196 1956 Hemithea,
1206 1894 1265 1946 uiue
1278 1894 1386 1945 nomine
1397 1895 1456 1945 einr

317 1984 352 2037 ad
371 1997 450 2049 quem
468 1980 573 2047 scripta
592 1984 642 2031 eat.
679 1976 788 2032 Icilium
799 1979 857 2031 eiua
875 1981 1001 2046 congruit
1019 1995 1079 2034 aura
1098 1981 1156 2044 iila,
1174 1996 1255 2048 quam
1269 1996 1353 2050 supra
1368 1981 1457 2049 ploti

319 2086 362 2135 aq.
380 2084 423 2120 uo·
436 2068 499 2120 4⁶22.
516 2065 636 2126 exhibui,
658 2071 737 2130 atque
755 2081 814 2116 curu
834 2065 889 2117 alia
906 2083 936 2136 p.
949 2069 1012 2122 444.
1032 2083 1076 2120 uo.
1088 2069 1153 2138 454,
1166 2067 1264 2130 ailata;
1283 2073 1373 2123 cetera
1391 2085 1456 2122 vcro

317 2169 384 2226 para
402 2152 436 2206 ab
455 2156 570 2217 utraque
588 2151 690 2214 differt,
709 2158 878 2219 quapropter
896 2152 924 2205 h.
944 2152 962 2210 i,
982 2153 1133 2206 exhibetur.

641 2339 820 2425 Phiiippus
842 2337 1051 2406 Melanthea.

304 2500 335 2562 S.
357 2499 395 2562 tt.
436 2497 529 2560 Extat
563 2495 646 2572 apud
676 2497 872 2560 Clementem
901 2497 1147 2560 Alexandrinum
1182 2505 1275 2561 vetus
1307 2499 1453 2564 Iustitiae

212 2603 375 2675 definitio,
405 2601 590 2666 doctissima
622 2599 651 2662 si
681 2607 767 2664 reete
795 2601 1022 2680 intelligatur:
1066 2600 1190 2666 lustitia
1221 2610 1270 2664 est
1300 2604 1452 2677 societas,

211 2725 272 2786 qua
295 2708 379 2770 Deus
403 2721 478 2769 sese
509 2703 602 2769 nobis
631 2705 839 2768 communicat
868 2711 902 2766 et
933 2708 982 2766 cst
1010 2703 1212 2783 aequalitatis
1240 2708 1455 2772 conservatio.
1542 2779 1543 2806 ξ

211 2807 406 2888 Δικαιοσύνη
428 2803 497 2873 ἐστὶ
521 2811 668 2872 κοινωνία
692 2808 786 2878 Θεοῦ,
808 2804 888 2890 μετὰ
912 2803 1066 2886 ἰσότητος.
1112 2807 1193 2870 Duas
1215 2806 1365 2871 iustitiae
1384 2827 1449 2886 par·

162 2972 165 2978 .
211 2922 261 2978 tes
285 2910 503 2988 complectitur
525 2912 732 2990 agnitionem
752 2912 833 2983 Dei,
863 2929 926 2988 qua
948 2929 1023 2974 sese
1043 2913 1131 2974 Dens
1153 2911 1455 2976 hominummenti·

211 3020 271 3080 bus
293 3017 509 3087 communicat,
531 3017 561 3078 ln
583 3015 632 3076 eis
656 3018 740 3076 lrrcet
764 3021 795 3076 et
812 3032 870 3078 eos
893 3018 1055 3094 gubernet.
1091 3017 1168 3078 ltcm
1183 3017 1453 3080 conservationem

165 3189 169 3197 ,
212 3120 417 3198 aequalitatis
442 3117 600 3182 ordinatae
624 3119 708 3182 inter
731 3119 887 3191 homines,
916 3126 981 3181 tum
1002 3119 1213 3192 arithmetica,
1236 3127 1300 3182 tam
1324 3139 1454 3200 gemue-

212 3226 291 3288 trica
313 3223 530 3302 proportione.
575 3223 640 3287 liae
663 3224 745 3284 dune
768 3231 875 3302 partes
905 3222 1049 3286 iustitiae
1071 3231 1143 3286 sunt
1171 3225 1342 3286 universae
1366 3226 1454 3287 vitae

211 3329 399 3409 gubernatio
422 3335 456 3389 et
475 3328 649 3390 beatitudo.
697 3325 767 3388 tuit
797 3327 895 3404 igitur·
917 3327 1019 3404 prima
1042 3343 1116 3388 curn
1143 3326 1218 3388 huie
1240 3325 1408 3402 Stephano
1435 3347 1454 3390 a

210 3434 328 3494 Romen
343 3430 579 3503 Danentrierrsi,
601 3437 674 3492 nuto
698 3431 730 3492 in
752 3429 874 3492 familia
896 3432 1043 3502 honesta,
1066 3436 1102 3491 ut
1122 3431 1225 3492 Deum
1246 3435 1333 3491 recte
1357 3449 1449 3510 agno·
1540 3471 1541 3512 q

211 3542 324 3598 sceret.
369 3533 422 3598 Sic
443 3534 529 3596 enim
552 3533 640 3596 Deus
670 3549 707 3595 se
730 3535 941 3597 communiunt
964 3550 1058 3597 verae
1081 3534 1244 3596 doctrinae
1270 3536 1454 3612 cognitione
1540 3515 1541 3535 ¹

212 3646 244 3699 et
272 3653 335 3700 non
364 3638 468 3700 aliter.
520 3638 622 3710 Quare
649 3638 757 3700 tontes
787 3636 955 3700 doctrinae
983 3638 1025 3698 de
1045 3636 1115 3698 ileo
1144 3644 1232 3700 recte
1251 3638 1392 3711 didicit,
1425 3645 1454 3701 et

181 3759 183 3766 ·
210 3741 308 3805 oniuti
337 3743 489 3818 pietatem
522 3758 596 3804 vera
625 3740 833 3804 invocatione
854 3740 915 3804 liei
942 3743 975 3805 in
997 3743 1171 3820 agnitione·
1188 3746 1222 3802 et
1243 3741 1362 3804 fiducia
1390 3744 1453 3806 Do·
1539 3817 1540 3834 2

210 3846 288 3908 mini
310 3847 409 3908 nostri
432 3845 505 3907 lesu
528 3844 657 3917 Christi,
689 3853 720 3907 ct
743 3848 879 3908 honesta
901 3863 1021 3908 morum
1044 3846 1275 3926 gubernatione
1304 3848 1453 3910 ostendit.
1539 3847 1540 3855 ’

210 3949 251 4011 tlt
273 3957 377 4014 autem
399 3951 531 4011 alteram
558 3947 700 4012 iustitiae
723 3957 861 4027 partem,
889 3966 970 4028 quae
993 3938 1217 4026 aequalilatem
1245 3949 1328 4012 inter
1350 3950 1452 4012 homi·

210 4069 268 4116 nes
291 4053 398 4125 docet,
422 4057 456 4114 et
478 4055 649 4131 cognoscat
678 4059 709 4114 et
740 4052 773 4114 in
796 4051 863 4115 vita
886 4053 1027 4131 privata,
1064 4054 1143 4114 item
1171 4054 1204 4115 iu
1227 4052 1374 4116 consiliis
1396 4071 1448 4131 pu·
1538 4125 1539 4150 2

209 4157 303 4220 blicis
326 4174 363 4219 aa
388 4155 519 4220 iudiciis
543 4156 628 4219 tueri
650 4158 765 4236 possit,
789 4155 883 4220 discit
906 4159 996 4235 leges
1020 4158 1181 4227 Romanas,
1205 4156 1239 4218 in
1263 4157 1378 4234 quibus
1400 4173 1451 4219 ae·
1538 4157 1539 4172 ¹

211 4261 371 4336 qualitatis
402 4260 490 4322 illius
528 4260 627 4322 initae
657 4259 821 4340 sapienter
842 4261 1034 4326 constitutae
1057 4267 1140 4324 sunt.
1185 4261 1273 4322 lulis
1304 4276 1374 4320 cum
1410 4261 1450 4321 sit

209 4360 262 4423 hic
284 4363 476 4440 Stephanus,
499 4363 611 4442 dignus
636 4371 685 4426 est
707 4363 936 4428 benevolentia
958 4365 1097 4426 omnium
1119 4365 1339 4426 honestorum.
1363 4367 1448 4426 Gunt-

211 4482 273 4544 que
302 4466 403 4545 prosit
427 4466 514 4528 vitae
537 4466 692 4530 communi
731 4470 813 4530 bona
841 4466 973 4546 ingenia
1007 4467 1046 4530 ud
1068 4467 1329 4546 gubernationem
1359 4482 1448 4544 prec-

209 4584 333 4645 parare,
357 4576 390 4630 et
414 4569 601 4646 provehere,
625 4589 682 4632 oro
706 4587 818 4633 omnes
840 4571 994 4633 honestos
1015 4569 1118 4643 viros,
1152 4577 1187 4632 ut
1208 4569 1293 4632 hunc
1314 4570 1447 4648 Stepha·

209 4687 283 4732 num
314 4677 456 4734 amanter
479 4673 725 4748 complectantur
760 4682 792 4736 et
814 4691 926 4738 ornare
957 4675 1112 4737 studeant.
1156 4673 1223 4736 Non
1259 4679 1310 4736 est
1344 4681 1447 4737 autern
