3072 5208
454 321 700 376 surranunurn
720 321 803 375 unm
827 324 902 377 rere.
1230 291 1296 372 aot

81 483 147 538 sunt
194 479 281 550 Sicut
309 493 410 557 saepe
441 479 546 540 docet.
565 497 626 540 vox
658 477 828 549 coelestis,
856 480 946 541 utin
971 479 1093 540 l’selno
1119 480 1167 539 36.
1218 477 1295 538 Sub-

79 579 148 640 ditus
170 587 237 641 esto
259 571 347 654 li'eo,
378 589 411 642 et
441 599 495 643 ora
526 597 607 642 eum.
663 581 758 651 ltem,
787 583 928 660 Expecta
958 583 1078 653 Deum,
1109 588 1140 642 et
1170 580 1296 642 custodi

78 680 147 742 viam
169 683 247 744 eius.
298 685 336 745 Et
365 687 448 746 hunc
480 683 583 761 ipsum
606 691 771 746 aeternum
793 691 914 762 patrem
938 684 1069 746 Domini
1097 682 1199 745 nostri
1222 681 1295 742 lesu

77 785 197 856 Christi,
227 787 423 849 conditorem
447 787 584 849 omnium
608 804 715 849 rernm
738 793 770 848 et
793 787 957 850 Ecclesiae
988 803 1066 850 suae
1090 804 1232 857 oramus,
1261 790 1295 846 ut

76 903 123 946 nos
144 891 297 964 gubernet
320 896 354 950 et
376 890 544 960 desendet,
566 893 677 950 Amen.

77 1175 134 1234 eoa
166 1178 217 1234 uo.
232 1175 341 1236 aaran
387 1181 460 1258 (vu.
477 1180 528 1238 vr.
551 1199 578 1254 p.
597 1179 682 1254 eoo)

166 1259 337 1288 Μ
1165 1263 1298 1296 Μ

279 1357 387 1426 Vitas
418 1351 632 1426 abeodem
658 1352 710 1425 ud
734 1349 1076 1426 Melanchthonem.

131 1485 225 1538 Bernh.
245 1488 319 1539 urta.
339 1487 462 1540 Hummel
482 1487 667 1558 Epistularum
685 1485 1095 1540 historico-acclesiaaticarum
1113 1481 1294 1536 SeculoXVl.

163 1587 178 1622 a
207 1573 393 1626 celeberrimis
421 1575 489 1627 viria
518 1574 682 1641 scriptarum
714 1571 912 1624 Semicenturia
940 1569 988 1638 (1.)
1014 1569 1109 1635 (Halae
1128 1567 1205 1625 1778.
1236 1567 1294 1635 8⁰.)

163 1677 190 1726 p.
203 1659 237 1712 63
250 1673 291 1723 aq.
310 1658 360 1712 No.
372 1658 488 1713 xxxu.

489 1775 580 1843 Pia.
596 1772 864 1840 Memmiana

144 1899 171 1960 S.
196 1903 228 1961 in
251 1903 397 1964 Domino.
442 1902 579 1962 Tandem
603 1896 741 1960 consilia
764 1897 912 1958 Caesaris
939 1899 1097 1974 patefacta
1120 1905 1209 1971 sunt,
1233 1875 1294 1961 ⁸cur

76 2005 248 2079 colloquium
274 2003 451 2064 instituerit
475 2005 676 2066 Ratisbonae.
727 2001 805 2061 Nam
828 2000 860 2062 iu
885 2001 1034 2078 Repliea,
1063 2017 1145 2079 quae
1175 2005 1293 2065 nostris

75 2107 151 2166 hisce
172 2106 285 2168 diebus
309 2109 416 2169 oblata
440 2114 506 2177 cst,
537 2106 695 2176 ostendit,
726 2121 762 2164 se
790 2104 831 2164 ad
862 2105 1100 2182 componendas
1123 2106 1293 2183 religionis

77 2208 293 2270 controversias
318 2226 447 2272 curasse
470 2207 641 2271 concilium
664 2209 745 2279 fieri,
770 2225 807 2268 ac
823 2223 954 2268 senune
971 2225 1119 2280 monere,
1143 2215 1176 2268 ut
1193 2211 1293 2269 nostri

77 2326 108 2371 eo
128 2331 197 2372 suos
225 2311 352 2374 mittant
376 2320 407 2374 et
431 2311 562 2374 concilii
593 2328 742 2373 summam
772 2311 1010 2387 amplectantur.
1066 2310 1127 2382 Qui
1151 2309 1294 2372 Tridenti

76 2421 148 2485 sunt,
170 2424 203 2476 ut
226 2415 339 2486 audio,
364 2435 445 2479 nunc
468 2415 500 2476 in
523 2417 594 2477 loco
619 2412 858 2477 iustificationis
881 2413 1070 2490 explicando
1093 2421 1293 2490 occupantur.

77 2515 112 2575 lbi
145 2516 308 2580 audiemus
346 2519 533 2581 Malvendae
568 2517 769 2595 sapientiam.
832 2519 1089 2596 Augustanorum
1125 2517 1295 2578 consilium

77 2619 173 2682 imstra
201 2624 270 2684 luit.
321 2623 416 2694 Nam,
448 2630 482 2684 ut
509 2622 655 2701 proxime
686 2636 813 2696 quoquc
837 2619 969 2698 scripsi,
1000 2619 1097 2682 duces
1121 2627 1153 2680 et
1175 2621 1295 2684 milites

77 2725 251 2796 praemoniti
273 2721 440 2806 diffugere.
491 2725 687 2786 Ulmensinm
718 2724 898 2801 praelectus
928 2724 1035 2801 pylas,
1069 2740 1131 2800 qua
1159 2724 1199 2786 ad
1220 2725 1294 2786 Ger-

77 2829 193 2888 maniam
218 2845 258 2890 ex
281 2829 374 2890 Italia
394 2829 546 2890 transitus
570 2835 637 2898 est,
662 2827 848 2905 occupavit3
878 2827 1082 2904 Augustanus
1113 2833 1217 2888 autem
1249 2828 1295 2890 di-

76 2925 143 2988 aitur
163 2933 352 2993 subsecutus
376 2928 586 2992 Caesarianos
611 2936 643 2990 et
666 2935 833 2990 assecutus
867 2945 995 3006 quoque
1025 2931 1203 2992 nonnullos.
1248 2931 1294 2994 Ex

76 3027 183 3093 Vienna
204 3021 408 3097 Ratisbonam
430 3035 547 3094 missae
571 3039 643 3095 sunt
665 3032 856 3093 bombardae
886 3032 925 3091 ad
954 3031 1165 3095 disiiciendos
1189 3052 1294 3097 muros

76 3133 163 3196 factae
180 3139 233 3208 re,
257 3139 401 3216 pulveris
424 3137 620 3200 namtarum
644 3133 731 3196 mille
755 3142 787 3194 et
810 3117 939 3195 rucene
962 3137 1146 3198 centenarii.
1186 3139 1295 3200 nunru

77 3243 136 3294 sunt
162 3241 211 3300 his
242 3257 301 3301 ceu
331 3242 481 3303 custodes
503 3239 639 3319 Hispani
670 3238 922 3308 circumlito,
952 3257 1084 3316 quorum
1114 3240 1294 3304 immanitas

77 3338 136 3411 plus
164 3361 252 3418 quam
284 3345 417 3406 Turcica
446 3362 520 3407 esse
549 3346 657 3404 fertur.
716 3343 847 3404 Narrant
883 3343 965 3405 hauc
996 3341 1164 3406 historiam
1193 3344 1295 3406 nostri

77 3454 269 3519 mercatores,
294 3450 349 3524 qui
372 3465 484 3510 recens
507 3454 663 3510 venerunt
685 3447 819 3507 Vienna.
858 3448 1004 3516 „Decem
1019 3446 1180 3525 Hispanos
1205 3467 1295 3510 occu-

78 3564 159 3621 passe
181 3554 310 3622 molam,
340 3551 502 3630 hospitem
533 3554 639 3612 statim
671 3551 711 3611 ad
740 3553 860 3612 trabem
889 3552 1022 3628 ligatum
1047 3559 1080 3612 et
1102 3559 1208 3631 raptas
1231 3559 1297 3614 tum

78 3667 191 3712 uxorem
219 3662 285 3717 tum
314 3656 398 3716 tilius
437 3656 477 3716 ad
507 3662 632 3732 stupra,
661 3658 776 3730 postea
806 3654 942 3715 solutum
966 3655 1103 3716 vinculis
1134 3657 1295 3733 hospitem

79 3763 219 3828 coactum,
243 3765 278 3818 ut
302 3758 408 3818 vinum
433 3757 551 3819 atalia
573 3755 760 3818 necessaria
783 3763 918 3816 curaret.
972 3758 1005 3818 ld
1028 3757 1122 3828 iecit,
1147 3756 1295 3820 dissimu-

80 3853 130 3915 lato
151 3859 260 3922 dolore
285 3867 316 3920 et
340 3861 404 3931 ira,
436 3862 621 3922 liberaliter.
674 3859 845 3933 Postquam
877 3866 983 3920 autern
1013 3859 1088 3920 vino
1118 3859 1217 3937 sopiti
1240 3861 1296 3921 mi-

79 3955 140 4019 lites
163 3971 248 4035 sum,
282 3965 371 4040 ipse,
395 3965 523 4025 occlusa
546 3967 655 4032 stuba,
687 3969 843 4024 convocat
865 3981 985 4040 paucos
1008 3961 1152 4034 vicinos,
1175 3977 1233 4024 eos
1257 3965 1297 4025 ad

79 4058 217 4127 fenestras
240 4069 353 4128 stubae
376 4070 512 4129 collocat
535 4072 673 4128 armatos
698 4073 729 4126 et
752 4066 912 4128 fornacem
927 4066 1003 4144 igne
1018 4068 1167 4144 complet.
1201 4067 1293 4129 Exci-

79 4164 127 4223 tati
148 4169 227 4232 iumo
251 4178 283 4230 et
306 4177 397 4231 aestu
414 4171 547 4248 Hispani
562 4172 679 4230 frustra
693 4172 853 4230 occlusam
870 4171 998 4232 ianuam
1014 4177 1152 4244 tentant3
1178 4169 1295 4232 deinde

82 4281 127 4337 per
145 4272 298 4334 fenestras
322 4273 428 4334 conati
453 4276 555 4344 elabi,
586 4273 771 4334 occiduntur
794 4275 833 4334 ad
856 4291 952 4334 unum
983 4284 1124 4335 omnes.“
1169 4273 1295 4336 Utinam

80 4365 176 4432 horum
199 4379 345 4453 exemplo
375 4376 491 4452 reliqui
522 4393 649 4453 quoque
679 4391 788 4438 ornnes
812 4373 961 4452 pereant!
1007 4376 1086 4454 Legi
1109 4385 1195 4437 tuum
1219 4378 1295 4438 scri-

82 4479 154 4544 ptum
175 4479 337 4540 Pomerani
361 4482 488 4541 nomine
522 4481 638 4541 editum
663 4487 759 4556 atque
790 4481 842 4540 hic
865 4478 973 4539 recudi
1005 4498 1158 4541 curamus.
1216 4483 1294 4542 Con-

84 4574 150 4636 tinet
171 4581 251 4642 enim
275 4585 532 4646 exhortationem
556 4585 794 4646 saluberrimam
815 4602 852 4644 ac
868 4585 919 4642 his
934 4584 1131 4657 temporibus
1148 4584 1294 4660 inprimis
