3072 5208
230 297 296 378 5⁰⁸
737 316 927 388 sorssors,

418 469 464 537 D.
488 470 634 536 Iohanni
653 469 845 554 Agricolae
867 470 1047 536 [acclama
1073 479 1181 536 amico
1202 494 1272 536 sao.

307 612 338 672 S.
362 614 397 674 D.
442 611 476 672 Si
501 629 562 688 qua
583 628 718 689 unquam
751 611 783 672 in
809 629 844 672 re
872 617 994 690 gratum
1018 609 1097 672 mihi
1118 608 1224 673 facere
1247 609 1384 680 voluisti,
1414 617 1439 670 te

227 729 357 791 quaeso,
380 721 416 775 ut
436 721 585 792 quantum
608 731 658 776 me
682 731 778 787 amas,
813 715 985 777 inhaere
1009 715 1170 786 ostendas,
1207 714 1385 792 efficiasque
1412 723 1441 776 ut

225 816 323 878 aulici
346 819 447 878 vestri
484 816 644 880 [oachimo
654 815 678 901 ¹)
702 825 862 898 exponant
884 805 983 880 totam
1007 817 1162 880 rationem
1187 817 1381 894 suscipiendi
1401 815 1440 878 iti-

224 921 320 982 neris.
364 920 490 984 Nollem
513 937 584 982 eom
618 927 681 983 tam
703 923 909 1000 longinquum
944 922 1005 984 iter
1027 921 1163 1000 ingredi,
1195 921 1262 982 nisi
1280 919 1441 990 arbitrarer,

225 1023 257 1084 in
281 1022 397 1085 comite
421 1039 496 1086 esse
519 1025 716 1103 singularem
727 1025 957 1088 humanitatem
981 1041 1057 1102 orgo
1079 1023 1227 1086 homines
1249 1025 1396 1085 honestos
1414 1039 1443 1083 ac

224 1127 423 1204 ingeniosos,
459 1143 591 1204 eamque
614 1130 655 1189 oh
679 1145 823 1190 caussam
857 1127 889 1188 ei
924 1127 1116 1190 loachimum
1139 1129 1332 1203 praecipuae
1363 1141 1443 1187 curae

225 1229 304 1292 lore.
350 1233 393 1290 Te
417 1243 476 1308 per
498 1237 638 1293 nostram
659 1229 833 1294 amicitiam
859 1248 951 1310 rogo,
987 1239 1022 1293 ut
1054 1231 1208 1309 quidquid
1232 1228 1384 1292 videbitur
1412 1227 1444 1289 ad

223 1348 291 1393 rem
312 1335 475 1410 pertinere
498 1333 660 1397 lonchimo
686 1334 819 1398 indices.
840 1414 843 1422 Ι
865 1334 949 1398 Nihil
973 1338 1035 1397 hoc
1059 1343 1204 1426 ternpore
1226 1333 1347 1423 gratius
1378 1331 1445 1394 mihi

225 1440 256 1494 te
279 1442 443 1512 praestare
477 1453 578 1526 posse
597 1445 701 1516 putes.
744 1441 828 1522 Περὶ
859 1431 1034 1522 ἄνατομίας
1066 1421 1152 1500 alias
1181 1455 1272 1517 agam
1309 1435 1445 1516 tecum'),

225 1555 305 1616 quae
328 1539 466 1616 quidem,
493 1533 535 1603 ‘ut
568 1559 676 1620 spero,
712 1545 803 1605 brevi
838 1545 899 1605 erit
922 1545 1075 1607 absoluta.
1121 1541 1206 1604 Vale.
1251 1540 1331 1602 Meis
1353 1538 1445 1602 verbis

224 1650 410 1704 reverenter
433 1647 535 1708 saluta
557 1647 645 1708 cives
659 1625 961 1733 tuoshlexandrdm'
980 1656 1012 1709 et
1027 1647 1281 1708 Bartholomeum
1305 1653 1336 1706 et
1357 1660 1445 1706 mean

224 1744 395 1824 hospitem.

961 1834 1128 1914 Philippus
1151 1840 1232 1897 tuus.

737 2039 943 2059 mud-

226 2198 295 2258 seo.
328 2195 500 2308 Q
539 2195 811 2281 (Vol.1.p.831.)
849 2249 850 2252 .
964 2247 966 2254 .
1212 2199 1446 2318 Q

770 2369 915 2446 Eidem.

296 2519 369 2572 Haec
389 2522 507 2588 epistola
539 2538 554 2574 a
573 2519 709 2574 Brochero
728 2522 745 2574 l.
759 2523 777 2579 l.
795 2539 823 2592 p.
836 2523 887 2578 368
904 2539 946 2589 sq.
965 2526 1014 2578 sub
1034 2539 1077 2577 no.
1090 2523 1138 2576 XI.
1157 2523 1302 2576 exhibetur
1320 2530 1347 2576 et
1364 2523 1391 2574 in
1407 2537 1447 2572 no·

328 2607 365 2659 tis
383 2609 426 2660 48.
446 2615 473 2661 et
490 2612 533 2664 50.
552 2609 715 2673 dederetur,
735 2625 793 2662 eam
814 2625 883 2665 anno
903 2612 978 2668 toro.
998 2625 1059 2667 esee
1077 2610 1218 2679 scriptam.

514 2857 515 2862 ἵ
565 2778 713 2848 Iohanni
731 2761 925 2862 Agricolae
946 2779 1135 2847 Iolebicnsi.

288 2923 340 2999 ¹S.
363 2923 402 2984 D.
447 2920 639 2984 loachimum
673 2923 758 3001 apud
781 2940 838 2984 vos
866 2923 968 2986 luisse
1002 2922 1053 2985 his
1076 2919 1231 3000 proximis
1255 2920 1369 2984 diebus
1392 2917 1446 2978 exi·

225 3025 329 3096 stinro,
363 3025 419 3102 qui
454 3023 531 3102 quid
552 3027 760 3088 constituerit
791 3026 831 3088 do
853 3026 1051 3103 profectione
1075 3022 1245 3100 Hispanico
1274 3035 1449 3099 quamquam

224 3127 264 3188 ad
286 3145 336 3189 me
360 3129 556 3192 nonduhitc
591 3129 696 3207 ipsum
720 3130 817 3191 etiam
840 3129 1028 3206 scripturam
1052 3144 1137 3200 esse,
1170 3135 1285 3197 tamen,
1321 3126 1350 3186 si
1382 3120 1448 3200 qnid

224 3229 418 3304 comperisti,
443 3239 475 3292 et
496 3249 553 3308 per
575 3239 608 3293 te
631 3230 722 3292 reddi
746 3233 863 3294 certior
887 3233 972 3304 volo,
1005 3239 1112 3310 teque,
1136 3238 1170 3292 ut
1193 3231 1232 3292 ad
1254 3245 1306 3290 me
1329 3228 1449 3294 scribas.

224 3332 432 3394 vehementer
454 3353 519 3396 oro.
565 3336 720 3396 Lutherus
755 3341 841 3398 recte
875 3336 961 3397 valet
995 3341 1026 3396 et
1059 3333 1276 3397 Ecclesiasten
1311 3329 1449 3395 absolvit

211 3425 339 3496 ‘Verum
373 3436 450 3498 rnihi
484 3438 622 3500 nondum
644 3439 769 3501 vacavit
791 3445 891 3500 totum
913 3446 1050 3510 vertere,
1084 3441 1140 3501 uhi
1169 3439 1340 3501 absolvero
1363 3441 1451 3496 totam

225 3537 416 3611 versionem,
455 3542 595 3603 mittetur
618 3541 657 3604 ad
679 3548 711 3602 te
734 3559 804 3602 oum
827 3540 960 3604 scholiis
982 3541 1120 3613 Lutheri,
1157 3558 1238 3618 quae
1264 3541 1451 3617 exceperunt

223 3640 347 3726 quidam
371 3641 579 3729 ταχυγρὰφοι.
624 3645 670 3705 Ex
686 3644 838 3708 versione
860 3646 1066 3726 diligentiore
1090 3643 1358 3734 opinor'multum
1380 3641 1452 3703 lucis

223 3740 433 3820 accessurum
448 3762 539 3826 esse.-
565 3745 654 3820 Vale,
678 3751 780 3812 saluta
802 3747 884 3811 meis
897 3749 1004 3812 verbis
1027 3755 1211 3810 reverenter
1226 3763 1358 3811 uxorem
1374 3753 1451 3808 tuom

224 3865 261 3909 ac
283 3849 423 3924 reliquos
447 3848 575 3911 amicos.

811 3957 814 3967 ·
902 3939 908 3950 ¹
1008 3938 1183 4017 Philippus.

309 4053 487 4122 loachinrus
508 4059 654 4123 narrabat
676 4055 757 4122 rotat
792 4059 825 4122 in
847 4059 923 4126 aula,
941 4061 1131 4124 Caesariana
1162 4061 1321 4137 oaosdam
1343 4060 1449 4122 tuthe-

224 4168 333 4234 ranos,
351 4159 648 4236 aversationes
670 4162 816 4240 captivos
830 4169 871 4226 *et
892 4163 1067 4241 periculum
1080 4180 1152 4226 esse
1168 4180 1209 4224 ne
1227 4167 1450 4226 comburantur.

326 4451 354 4520 1)
384 4455 442 4506 scil.
465 4455 599 4506 loaohimo
619 4453 784 4510 Camerario.

325 4542 355 4609 2)
379 4541 455 4598 Gonl.
474 4540 744 4593 Melanchthonle'ad
758 4542 872 4594 eundem
892 4543 1008 4610 epistole
1027 4543 1136 4595 incunte
1148 4541 1276 4598 Ianuario
1295 4543 1371 4598 1527.
1390 4539 1449 4593 sori·

223 4634 271 4698 pta
289 4626 316 4679 in
334 4627 415 4696 corp.
433 4627 491 4682 aet.
511 4625 541 4680 I.'
553 4645 580 4695 p.
595 4626 655 4683 8⁶3.
674 4643 717 4680 no.
735 4631 796 4682 428.
