3116 5212
240 345 308 421 ild
773 356 957 421 annnam.
1070 419 1074 426 .

232 526 336 600 potui,
358 527 435 602 quin
467 529 501 585 et
534 526 606 603 ipse
631 523 786 600 cumdem
818 535 1105 585 commemorarem
1148 521 1186 585 ut
1210 521 1476 585 conchristiano

238 636 410 706 praecepta
433 633 497 690 tum
520 626 646 689 mitiore
669 633 735 688 tum
756 625 896 688 firmiora
918 632 990 686 sunt
1013 625 1045 686 in
1067 625 1259 703 hocgcnere
1284 627 1477 688 consolatio-

231 749 317 802 num,
341 730 458 792 ceteris
484 729 610 793 anissis
633 731 789 808 qrracdarn
814 745 853 790 ex
868 727 1013 791 doctrina
1035 728 1210 807 religionis,
1235 745 1328 812 quarn
1350 735 1384 789 te
1403 746 1476 789 vera

232 834 364 910 pietate,
400 849 465 894 non
488 832 609 894 lutosis
632 831 750 894 officiis
779 841 886 894 colere
910 832 986 893 scio.
1032 829 1145 892 Paulus
1181 830 1269 892 enim
1305 850 1366 893 non
1391 837 1475 892 vetat

233 939 353 1014 lugere.
386 939 503 999 Durum
531 937 614 998 enim
639 937 671 998 id
695 944 781 998 esset
804 943 835 997 et
858 930 1032 998 abhorrens
1054 953 1073 996 a
1095 941 1207 996 natura
1227 933 1405 1006 hominum,
1425 937 1475 996 cui

233 1037 396 1114 impressit
417 1041 505 1102 Deus
529 1038 664 1124 στοργῆν
687 1055 762 1117 erga
785 1039 938 1116 conirrges
961 1044 994 1098 et
1017 1037 1224 1114 propinquos.
1263 1035 1326 1097 Sed
1350 1038 1474 1100 modum

234 1141 434 1221 praescribit,
467 1145 674 1220 negantium
697 1158 783 1203 more
807 1140 1003 1210 adiiciamus,
1038 1155 1119 1215 quae
1150 1157 1212 1200 nen
1236 1147 1366 1216 sperant
1401 1155 1473 1200 suos

203 1299 204 1302 ,
236 1246 373 1308 victuros
397 1259 470 1306 esse
492 1242 524 1306 in
549 1243 686 1306 coelesti
708 1245 786 1306 sede
807 1251 841 1305 et
863 1243 1094 1305 consuetudine
1117 1243 1187 1304 Dei.
1224 1242 1293 1303 Etsi
1317 1248 1420 1332 autem
1443 1249 1474 1302 et

233 1349 343 1410 liberis
366 1349 489 1411 orbitas
513 1356 563 1409 est
587 1351 712 1420 neema,
735 1356 840 1410 tamen
864 1347 942 1408 illud
964 1347 1071 1408 levare
1094 1345 1236 1408 dolorem
1258 1345 1364 1418 debet,
1394 1347 1474 1422 quod

238 1450 381 1514 dubitare
410 1471 472 1513 non
496 1451 666 1523 debemus,
690 1452 767 1528 quin
797 1451 831 1513 in
854 1452 1030 1513 coelestem
1056 1449 1182 1512 domum
1205 1449 1349 1511 traducta
1370 1447 1413 1510 sit
1440 1465 1475 1512 ac

237 1554 281 1617 ita
309 1557 504 1626 decesserit,
533 1563 570 1617 ut
591 1557 754 1633 eliquanto
777 1561 850 1633 post
873 1571 981 1616 rursus
1005 1569 1075 1615 eam
1097 1555 1321 1631 complexurus
1346 1551 1411 1624 sis,
1443 1559 1474 1612 ct

237 1677 307 1720 curn
330 1676 369 1720 ea
392 1661 487 1738 longe
511 1657 654 1720 dulciore
682 1657 897 1722 iarniliaritate
914 1656 1116 1721 convicturus
1139 1673 1233 1734 quarn
1256 1674 1326 1718 cum
1348 1655 1403 1716 liic
1431 1659 1476 1715 te·

235 1781 305 1830 cum
333 1765 367 1826 in
401 1763 453 1824 his
476 1761 636 1824 aerumnis
657 1764 799 1840 degeret.
845 1764 927 1826 Vara
949 1763 1070 1840 pietate
1092 1761 1193 1824 Deum
1214 1760 1315 1822 coluit
1346 1766 1378 1820 et
1406 1777 1476 1836 pra-

238 1869 392 1937 lessione,
415 1873 449 1926 et
471 1866 638 1927 discedens
660 1867 728 1927 filio
742 1866 803 1928 Dei
824 1883 863 1927 se
886 1864 1127 1947 commendarit,
1150 1869 1392 1941 propterquam
1414 1864 1473 1924 sci-

238 1986 306 2031 mus
331 1985 408 2030 vare
430 1971 522 2032 nobis
545 1977 706 2032 aeternam
731 1969 825 2032 vitani
850 1971 970 2033 donari.
1015 1969 1133 2032 Rursus
1167 1968 1264 2048 igitur
1297 1983 1360 2031 una
1395 1967 1476 2042 apud

240 2071 467 2154 Deumvivetis
490 2079 523 2134 et
546 2072 828 2150 pariterirnemini
842 2074 1207 2164 Christi,'prophetarurn
1231 2075 1264 2134 et
1287 2071 1477 2151 optimorum

128 2191 134 2202 ·
238 2177 399 2239 hominum
428 2174 590 2254 colloquio
627 2185 658 2238 et
680 2181 808 2240 vestrae
830 2176 973 2256 pietatis,
1009 2194 1101 2254 quarn
1137 2177 1169 2239 in
1199 2177 1351 2254 coniugio
1373 2181 1477 2238 vestm

237 2283 362 2353 demum
384 2279 582 2352 celebrastis,
616 2282 750 2344 tractum
772 2281 920 2360 capietis
963 2280 1029 2358 Non
1066 2281 1163 2359 tgum
1199 2280 1350 2345 amissam
1372 2285 1478 2354 putes,

238 2386 294 2448 sad
317 2385 483 2462 paulisper
506 2403 563 2446 vas
585 2383 741 2466 divulsos,
766 2385 812 2446 ita
832 2385 964 2447 utDaus
987 2382 1080 2446 vobis
1104 2383 1324 2446 iucundiorem
1346 2400 1478 2445 censue—

238 2490 380 2552 tudincm
416 2489 596 2550 redditurus
625 2490 676 2550 sit.
721 2489 806 2551 llaec
842 2487 871 2549 si
905 2489 1078 2567 diligenter
1103 2489 1275 2566 cogitabis,
1309 2489 1393 2550 nihil
1427 2487 1477 2549 illi

240 2593 314 2654 mali
337 2592 504 2666 accidisse,
527 2592 590 2655 frui
614 2592 708 2655 ctiam
729 2610 799 2656 eam
823 2601 917 2656 coetu
940 2577 1129 2669 sanctarum,
1168 2599 1201 2654 tc
1225 2599 1256 2654 et
1279 2591 1401 2664 liberos
1425 2611 1476 2654 vc·

241 2699 282 2759 tis
305 2683 372 2758 suis
396 2697 617 2759 commendare
639 2699 720 2770 Dec,
750 2715 809 2760 nec
838 2699 975 2760 futuram
998 2699 1079 2764 hanc
1101 2697 1341 2762 distractionem
1364 2713 1477 2776 perpe-

228 2803 334 2872 tuam,
363 2802 420 2864 sed
445 2821 552 2864 rursus
577 2821 634 2864 vos
656 2821 721 2864 una
743 2804 865 2875 iuturus
890 2819 974 2875 esse,
1008 2804 1094 2866 iares
1118 2803 1189 2866 eius
1224 2803 1387 2864 interitum
1421 2802 1478 2863 ali·

239 2911 355 2982 qrrcnto
380 2907 532 2981 aequiore
556 2904 671 2977 animo,
707 2907 764 2971 sed
786 2923 858 2979 mea
881 2923 976 2971 causa
998 2906 1148 2984 inquies:
1188 2905 1302 2978 doleo,
1337 2911 1479 2982 ereptam

238 3009 318 3070 mihi
349 3026 423 3070 esse
461 3011 595 3072 florente
618 3017 723 3072 aetate
746 3017 877 3073 matrem
899 3027 1094 3072 cornnrunern
1117 3011 1297 3072 liberorum.
1332 3009 1477 3088 Magnum

238 3114 300 3174 hcc
324 3113 437 3174 vulnus
457 3099 534 3173 ¹asae
562 3113 667 3174 fatcor
698 3121 733 3174 ct
757 3113 810 3173 vix
832 3099 1042 3183 medicabile,
1066 3113 1124 3173 scd
1146 3118 1251 3174 temen
1287 3129 1351 3172 non
1386 3111 1477 3172 dccet

239 3233 299 3278 nos
330 3214 506 3292 praecipua
542 3216 653 3277 dolere
685 3223 794 3278 nostra
816 3231 919 3278 eausa.
964 3217 1003 3278 llt
1041 3231 1216 3294 quanquam
1254 3215 1311 3276 illa
1332 3213 1479 3293 longiore

240 3319 306 3382 vita
329 3319 425 3398 digna
448 3327 525 3392 erat,
559 3327 662 3381 tamen
692 3328 727 3381 ut
755 3319 809 3382 illa
834 3322 946 3382 volans
967 3319 1036 3383 Deo
1060 3319 1208 3382 evocanti
1230 3321 1335 3398 ipsam
1358 3321 1479 3382 obtem·

242 3422 376 3500 paravit,
404 3423 448 3484 ita
471 3423 554 3484 scias
576 3413 608 3484 et
631 3425 678 3485 tui
702 3422 800 3486 alricii
822 3439 906 3497 esse,
921 3423 1133 3486 ut'veluntati
1151 3421 1213 3486 Dei
1234 3436 1354 3484 morem
1377 3439 1480 3502 geras·

242 3527 320 3586 ltlnd
344 3525 424 3586 enirn
447 3527 558 3604 infigas
580 3526 695 3598 animo,
718 3546 781 3588 non
803 3539 881 3587 casu
902 3528 992 3588 nasci
1014 3533 1067 3588 aut
1088 3527 1238 3588 occidere
1259 3527 1343 3604 pies.
1367 3527 1481 3588 Omnes

242 3627 351 3706 capilli
375 3628 491 3704 capitis
513 3629 614 3690 vestri
636 3627 792 3691 numerati
815 3637 898 3702 sunt,
920 3630 1023 3707 inquit
1038 3631 1195 3702 Christus,
1220 3642 1317 3708 quare
1341 3649 1405 3692 non
1428 3629 1480 3690 du-

242 3729 334 3803 bites,
368 3731 425 3792 uei
447 3731 579 3794 consilio
614 3749 654 3796 ex
677 3733 836 3795 aerumnis
859 3736 955 3796 huius
978 3735 1063 3796 vitae
1084 3736 1261 3796 traductam
1285 3748 1367 3794 esse.
1416 3733 1480 3792 Non

244 3834 419 3895 astantem
443 3839 582 3896 nostrum
606 3853 782 3913 repugnare
806 3838 961 3900 voluntati
983 3837 1050 3898 Dei.
1097 3838 1194 3912 Quam
1216 3836 1319 3898 dulcis
1343 3839 1478 3898 cousue-

173 4004 177 4010 ,
242 3939 317 3999 tudo
340 3937 399 3999 luit
422 3939 492 4000 viro
512 3938 644 4001 heroico
668 3940 760 4001 laceb
785 3959 853 4002 cum
878 3942 1015 4020 coniuge
1036 3942 1167 4014 Rachel,
1191 3949 1223 4002 at
1242 3943 1327 4004 hunc
1349 3941 1479 4002 rediens

243 4045 273 4102 in
299 4041 441 4118 patriam,
463 4059 534 4104 cum
559 4044 621 4105 iam
643 4051 788 4120 speraret
812 4043 1063 4126 tmnqullliorern
1085 4044 1207 4116 sedern,
1233 4043 1266 4106 in
1289 4043 1408 4106 itinere
1429 4059 1481 4118 pa-

243 4146 377 4205 rientem
411 4145 529 4206 amisit.
573 4147 756 4224 Quanquam
779 4155 885 4210 autem
922 4163 1067 4227 magnum
1090 4135 1204 4209 vulnus
1227 4151 1406 4224 acceperat,
1440 4153 1482 4207 ta·

243 4251 313 4308 rnen
326 4249 499 4310 ¹intellexit
520 4266 583 4311 non
608 4250 834 4329 indulgendum
853 4252 967 4324 dolori,
984 4270 1045 4313 non
1069 4252 1308 4330 repugnandum
1321 4252 1403 4323 Deo,
1425 4249 1481 4311 sed

244 4352 380 4410 animum
404 4352 603 4425 domandum,
626 4360 661 4414 ut
683 4353 750 4416 Deo
775 4357 984 4434 attemperet
1021 4355 1128 4418 Dicam
1151 4354 1224 4432 auid
1246 4354 1421 4417 audiverim
1444 4369 1481 4412 er

243 4455 387 4530 paredam·
401 4455 511 4527 amice,
540 4455 594 4533 qni
617 4453 717 4518 filium
740 4458 902 4530 omiserat,
939 4459 999 4520 sed
1038 4457 1139 4536 inqu-it
1175 4475 1213 4520 se
1231 4459 1281 4520 *in
1304 4457 1376 4534 lpse
1399 4459 1482 4518 luctu

244 4573 320 4618 casu
342 4555 497 4620 incidisse
521 4561 554 4622 in
576 4563 660 4622 hunc
682 4564 784 4624 lacurn
808 4563 941 4639 psalmi:
985 4563 1108 4626 Scitote
1131 4564 1217 4640 quod
1236 4565 1309 4640 ipse
1332 4553 1377 4624 sit
1399 4560 1481 4620 Deus

246 4663 317 4738 ipse
340 4662 416 4724 lecit
439 4681 509 4736 nes,
531 4672 566 4726 et
587 4681 648 4726 non
673 4667 740 4743 ipsi
761 4685 830 4730 nos.
877 4669 962 4731 llaec
986 4670 1085 4731 verba
1108 4681 1178 4729 cam
1197 4658 1349 4745 legisset,
1383 4665 1425 4726 ait
1450 4677 1482 4722 sc
