3072 5208
148 334 214 406 1⁹8
538 347 785 404 surruuuuum
810 347 893 400 nuru
912 351 991 404 rou.

148 527 218 574 rum
241 519 372 587 propter
396 508 557 568 Christum
580 504 769 581 sanguinem
792 522 882 566 suum
906 503 1100 575 effuderunt,
1124 513 1156 566 et
1175 508 1299 568 animas
1316 523 1413 566 suas

149 613 344 674 tradiderunt
375 631 432 689 pro
462 614 653 672 testamento
676 608 747 668 Dei.
804 609 865 668 Cur
896 624 972 684 ergo
995 609 1151 670 Lutherus
1176 615 1207 670 et
1230 625 1307 678 eos,
1345 607 1417 684 qui

150 714 290 777 feliciter
313 713 553 775 obdormierunt
577 712 610 772 iu
634 710 788 780 Domino,
825 718 856 770 et
881 729 958 780 noS,
989 709 1044 784 qui
1074 709 1172 772 hodie
1203 711 1311 772 adhuc
1340 727 1416 786 pro

149 813 277 881 mod'ulo
301 823 427 886 nostro,
452 823 484 876 et
507 815 610 892 gratia
634 814 759 874 nohisa
777 813 903 876 Christo
927 813 1018 883 data,
1042 815 1224 874 laboramus
1247 814 1279 874 in
1297 811 1417 872 uinea

149 921 297 990 Domini,
334 929 480 995 tanquam
510 920 659 996 bipedum
692 917 908 992 nequissimos
946 918 1089 987 damnat,
1127 915 1255 986 abiicit,
1296 922 1417 989 atque

152 1019 340 1086 conculcat?
393 1023 556 1083 Redundat
586 1022 646 1082 ista
678 1008 812 1090 iniuria,
853 1039 915 1095 qua
945 1038 1001 1082 nos
1032 1020 1156 1089 affecit,
1196 1019 1227 1082 iu
1266 1027 1419 1081 sanctas

153 1127 271 1190 Christi
293 1125 474 1196 Ecclesias,
505 1142 638 1200 quarum
661 1124 802 1186 Ministri
826 1131 856 1184 et
880 1124 1028 1202 legitime
1052 1125 1179 1199 quidem
1205 1125 1318 1184 vocati
1348 1122 1419 1184 Mi·

151 1230 246 1292 nistri
274 1246 391 1290 sumus.
446 1228 611 1290 Redundat
640 1228 835 1289 contumelia
873 1226 930 1287 illa
960 1234 990 1286 et
1021 1227 1054 1286 in
1088 1226 1193 1303 ipsum
1222 1225 1418 1288 Dominum

153 1334 273 1402 Iesum,
298 1339 409 1408 eaput,
444 1332 580 1408 Regem,
616 1339 647 1392 et
669 1331 857 1392 Pontificem
879 1337 1038 1398 nostrum,
1062 1329 1114 1390 oui
1138 1328 1323 1400 oredimus,
1353 1331 1419 1391 ad-

152 1436 337 1502 haeremus,
370 1441 469 1507 atque
492 1435 658 1494 servimus.
706 1433 792 1494 llaec
816 1433 902 1508 apud
923 1440 975 1502 te,
1006 1430 1174 1509 Philippa,
1205 1433 1354 1493 amicum
1384 1439 1421 1492 et

154 1539 282 1598 tratrem
317 1553 423 1598 corum
450 1535 588 1597 Domino
627 1536 806 1612 querimur,
844 1543 877 1596 et
908 1536 993 1612 apud
1023 1535 1151 1596 fidelem
1188 1540 1220 1594 et
1250 1534 1422 1595 iustitiae

154 1639 405 1703 amantissimum
430 1642 510 1700 haee
532 1639 741 1716 deponimus,
765 1647 800 1700 ut
825 1656 864 1700 ex
887 1640 931 1700 iis
956 1639 1131 1714 intelligas,
1156 1639 1267 1712 quales
1284 1637 1421 1699 literae

155 1742 235 1811 sint,
259 1759 341 1818 quae
366 1759 406 1804 ex
430 1743 548 1804 vestris
571 1743 757 1820 regionibus
788 1743 828 1804 ad
851 1761 909 1803 nos
935 1739 1181 1819 perscribuntur.
1226 1741 1421 1802 Possemus

157 1852 188 1906 et
217 1845 312 1906 huius
341 1846 470 1924 generis
506 1847 586 1908 ⁴aliars
618 1862 744 1922 quoque
773 1845 946 1914 exhihere,
985 1861 1064 1920 quas
1094 1860 1152 1920 par
1184 1842 1422 1905 Christianam

156 1942 344 2024 patientiam
375 1950 540 2024 hucusque
571 1948 797 2010 devoravimus
837 1955 933 2023 atqua
966 1946 1179 2008 concoximus.
1231 1947 1424 2008 Dnhitatur

157 2057 264 2110 autem
288 2051 371 2110 inter
394 2069 469 2120 nos,
495 2057 528 2112 et
551 2053 590 2112 de
614 2051 749 2114 aliorum
772 2053 857 2128 apud
878 2068 936 2112 vos
955 2048 1149 2110 eruditorum
1165 2048 1300 2118 iudicio,
1331 2067 1421 2110 cum

158 2153 204 2220 is,
228 2153 283 2227 qui
307 2154 473 2231 primatum
501 2156 586 2231 apud
611 2175 667 2216 vos
691 2157 831 2223 obtinet,
853 2155 893 2214 de
914 2154 1093 2239 nobis-tam
1112 2150 1253 2228 maligne
1268 2151 1422 2214 iudicat.

159 2255 248 2326 Quod
273 2257 301 2316 si
325 2256 381 2316 alii
406 2273 533 2332 quoque
565 2258 682 2318 eruditi
711 2265 743 2318 et
774 2257 990 2318 Ecclesiarrun
1021 2252 1189 2332 praesides
1219 2270 1276 2332 per
1305 2256 1424 2318 Saxo-

160 2358 244 2420 niam
268 2375 306 2419 eo
330 2357 363 2419 in
386 2378 444 2420 nos
469 2360 574 2421 animo
598 2360 732 2431 tuerint,
757 2379 819 2436 quo
844 2366 987 2429 constat,
1017 2357 1164 2420 affectum
1189 2373 1261 2418 esse
1284 2361 1441 2440 trutheg

161 2478 244 2530 rum,
268 2462 339 2536 quis
362 2481 424 2522 non
449 2463 620 2541 intelligat,
644 2472 760 2539 quanto
781 2481 849 2524 cum
865 2462 1081 2524 Ecclesiarum
1096 2461 1259 2530 scandalo,
1284 2470 1424 2535 quanto

161 2581 231 2626 eum
253 2566 408 2626 bonorum
433 2574 464 2626 et
487 2566 684 2644 simplicium
713 2569 876 2629 hominum
900 2567 1013 2628 dolore
1035 2582 1073 2626 ao
1097 2564 1308 2634 detrimento,
1351 2567 1425 2626 hoc

161 2669 251 2730 ulcus
275 2668 445 2744 aliquando
471 2676 652 2746 erupturum
677 2667 744 2732 sit?
783 2671 858 2731 Nam
883 2669 911 2730 si
934 2669 990 2732 isti
1008 2670 1052 2729 ita
1070 2668 1283 2744 perrexerint,
1310 2684 1423 2746 eoge-

162 2788 230 2830 mnr
250 2771 376 2832 tandem
399 2778 540 2833 nostram
563 2778 595 2831 et
619 2779 797 2833 nostrarum
819 2772 1035 2832 Ecclesiarum
1059 2770 1291 2838 innocentiam,
1318 2771 1422 2830 veri-

163 2879 277 2942 tatem,
302 2873 583 2950 integritatemque
606 2876 702 2934 tueri.

249 2975 395 3036 Ceterum
424 2975 452 3036 si
482 2983 515 3036 tu
545 2977 774 3038 humanissime
805 2977 1019 3052 piissimeque
1043 2975 1286 3051 Melanchthon,
1320 2974 1425 3037 vires

164 3077 288 3154 ingenii
319 3088 350 3140 et
378 3081 527 3140 humeros
558 3080 739 3142 admoveris
770 3080 818 3139 rei
849 3077 974 3152 alioqui
1005 3077 1085 3138 satis
1116 3075 1348 3153 periculosae,
1385 3087 1425 3139 nt

165 3183 245 3244 nihil
270 3201 331 3242 non
355 3183 500 3260 capessis
524 3183 689 3251 alacriter,
721 3182 806 3256 quod
834 3199 890 3258 pro
915 3180 1020 3258 gloria
1042 3179 1105 3266 Dei
1138 3185 1168 3236 et
1191 3178 1426 3242 Ecclesiaruru

166 3285 386 3347 incolumitate
409 3286 502 3355 iacit,
526 3285 629 3346 lenire
652 3285 736 3358 apud
760 3293 831 3346 tuos
854 3285 916 3344 hoc
939 3283 1057 3345 malum
1080 3281 1220 3360 poteris,
1243 3296 1371 3357 nempe
1391 3285 1425 3346 si

167 3407 222 3465 pro
252 3395 308 3449 tua
338 3390 526 3457 autoritate,
558 3404 619 3462 qua
648 3387 761 3448 merito
793 3387 879 3464 apud
908 3392 980 3446 tuos
1013 3384 1118 3460 polles
1150 3381 1346 3461 plurimum,
1388 3393 1425 3446 te

166 3491 417 3568 interposueris,
440 3497 579 3566 tuosque
603 3498 635 3550 et
655 3491 794 3568 graviter
817 3496 848 3548 et
878 3490 1063 3563 frequenter
1081 3486 1273 3555 modestiae,
1298 3489 1424 3562 aequi-

167 3593 240 3655 tatis
264 3611 300 3654 ae
323 3593 468 3653 iustitiae
491 3593 712 3661 admonueris,
741 3599 776 3652 ut
800 3591 928 3652 scilicet
949 3596 1058 3650 nostra
1082 3588 1270 3666 diligentius
1295 3589 1420 3664 legant

167 3703 264 3770 atque
302 3696 498 3772 expeudant,
537 3696 723 3772 priusquam
758 3712 816 3753 nos
848 3693 1012 3762 damnent3
1051 3690 1193 3767 cogitent
1223 3689 1320 3758 item,
1355 3711 1423 3752 nos

145 3816 296 3876 quoque
319 3797 490 3860 vocatione
514 3804 624 3860 sancta
647 3804 678 3856 et
702 3797 847 3873 legitima
870 3795 907 3855 ad
932 3796 994 3854 hoe
1021 3791 1235 3854 ministerium
1264 3799 1424 3856 sanctum

144 3909 298 3969 .vocatos
319 3901 482 3962 Ministros
508 3917 582 3962 esse
608 3901 727 3962 Christi
742 3898 891 3968 Domini,
916 3898 970 3974 qui
995 3913 1053 3974 per
1076 3901 1216 3958 nostrum
1242 3901 1423 3968 eteorum,

170 4006 225 4083 qui
250 4006 488 4068 obdormierunt
517 4005 579 4066 iam
611 4005 726 4064 dudum
757 4005 789 4064 in
812 4002 966 4071 Domino,
1001 4001 1228 4068 ministerium,
1259 4001 1422 4062 barbaros

170 4118 201 4170 et
222 4109 414 4179 indomitos,
443 4109 524 4170 adde
555 4114 586 4166 et
617 4108 813 4168 Antichristo
846 4105 1084 4168 addictissimos
1117 4105 1272 4180 populos,
1303 4102 1345 4162 ad
1382 4120 1423 4164 se

172 4214 349 4290 convertit,
373 4212 471 4290 inque
495 4211 653 4271 Helvetiis
677 4212 852 4287 permultas
875 4209 1148 4280 Ecclesiascerte
1172 4207 1315 4266 illustres
1340 4222 1421 4268 con-

172 4316 291 4386 stituit,
316 4331 397 4390 quae
420 4321 552 4392 propter
566 4313 726 4376 Christum
748 4314 846 4373 multa
871 4319 903 4371 et
926 4328 1039 4388 magna
1062 4311 1223 4378 fecerunt,
1247 4325 1283 4368 ac
1308 4314 1421 4384 pertu-

171 4421 290 4479 lerunt:
321 4435 403 4493 quae
426 4418 584 4478 Christum
607 4434 683 4478 vera
706 4417 769 4478 fide
802 4416 1052 4493 amplectuntur,
1084 4419 1116 4474 et
1138 4413 1303 4479 invocant,
1337 4426 1421 4470 vera

172 4521 247 4581 item
271 4519 447 4598 religione,
479 4520 611 4583 caritate
634 4522 785 4596 uitaeque
810 4517 993 4578 innocentia
1018 4517 1140 4576 colunt:
1177 4513 1414 4576 Antichristum

173 4632 281 4687 eontra
306 4631 338 4683 et
361 4639 484 4684 omnem
510 4625 774 4700 superstitionem
799 4629 830 4682 et
854 4620 1055 4698 impietatem
1075 4619 1208 4696 tugiunt.
1245 4617 1337 4692 Apud
1354 4635 1418 4678 nos
