3102 5202
253 277 316 358 ul
656 300 904 364 surrmnunrn
927 301 1010 354 anm
1039 301 1117 356 roeo.

255 471 327 555 rel.
362 493 416 549 no.
432 490 541 555 soon.
585 493 661 570 (vor
683 493 737 549 rx.
759 513 787 566 p.
810 491 895 567 naon
1376 534 1384 551 .
1475 534 1480 549 .

360 574 532 604 Μ
1082 605 1084 612 ,
1339 571 1480 610 *ην-θ

547 717 551 724 -
662 668 863 738 decomeco
882 663 1081 738 nerduino.

322 812 394 866 Haeo
412 815 530 883 epistola
548 815 686 868 invenitur
709 815 737 866 in
757 801 840 867 hocce
859 813 945 865 libro:
981 815 1117 865 rmnelsei
1136 813 1261 866 Boldnini
1280 815 1432 882 Responsio
1449 817 1481 865 al·

270 903 273 910 '
358 905 419 951 iera
449 901 483 952 ad
513 903 641 953 loannem
672 901 808 954 Calvinum
844 900 998 966 (Coloniae,
1026 901 1103 967 apud
1134 899 1281 952 lleroeram
1312 901 1481 953 Richwiumn.

360 1003 384 1042 a.
405 989 481 1040 1562.
505 987 545 1055 ge)
569 1005 597 1056 p.
611 990 681 1050 142„
707 1004 741 1040 ex
759 1003 810 1052 quo
834 988 900 1040 Rev.
918 987 1061 1052 llrslllins,¹
1077 987 1152 1040 Part.
1171 987 1331 1050 alberiae,
1355 987 1422 1038 mihi
1441 987 1482 1038 be·

356 1072 439 1138 ulgoe
458 1073 694 1142 eamdaroripeit.

708 1208 903 1294 (Inscriptio
925 1207 1043 1286 deest.)

358 1347 388 1410 S.
411 1349 447 1409 D.
494 1347 618 1410 Clariss.
643 1350 689 1410 vir
720 1357 752 1410 el
776 1348 884 1410 cariss.
908 1349 1014 1408 frater.
1059 1345 1151 1408 Extat
1184 1347 1268 1423 apud
1287 1348 1481 1437 ⁴Clernenlen

254 1449 501 1512 Alexandrinum
523 1456 616 1514 velus
639 1451 785 1513 Iustitiae
807 1427 963 1520 defi'nilio,
986 1466 1067 1526 quae
1091 1455 1178 1510 recle
1202 1428 1368 1514 intellecta
1391 1447 1480 1511 dulcis

255 1561 319 1614 cst:
343 1549 529 1632 δικαιοσὸνη
552 1551 621 1618 ἐστὶ
643 1558 793 1619 κοινωνία
816 1555 908 1634 θεοῦ,
929 1549 1007 1640 parri
1034 1549 1190 1630 ἰσότητος.
1233 1551 1322 1614 Prior
1345 1569 1416 1629 pars
1443 1553 1479 1613 lo-

255 1657 362 1734 quitur
385 1659 425 1718 de
447 1659 554 1736 priore
576 1661 683 1727 labala
703 1658 870 1735 Decangi,
893 1641 999 1718 altera*
1018 1648 1091 1733 p'ars
1115 1657 1155 1716 de
1178 1655 1326 1716 secunda.
1351 1657 1396 1716 Ac
1418 1674 1477 1732 pro-

254 1760 336 1822 lecto
365 1769 531 1838 utramque
554 1763 726 1837 complecti
754 1765 854 1822 bonas
875 1766 1002 1823 mentes
1029 1765 1166 1836 oportet.
1211 1759 1255 1818 Te
1284 1756 1381 1835 igilur
1410 1755 1479 1818 iuris

255 1869 286 1922 et
309 1861 452 1924 iustitiae
475 1863 653 1935 Doctorem,
684 1866 751 1926 scio
775 1881 837 1926 non
859 1870 980 1925 leolum
1001 1863 1148 1923 forenses
1171 1864 1273 1940 leges,
1290 1857 1363 1922 ‘'sed
1393 1864 1477 1923 enan

254 1981 324 2026 earn
347 1963 520 2028 doctrinam
544 1968 697 2046 cogitare,
721 1984 782 2044 qua
805 1983 878 2027 sese
899 1967 988 2028 Deus
1009 1963 1157 2027 humanis
1174 1964 1333 2026 mentibus
1355 1978 1478 2026 oomrno·

253 2065 350 2137 nical,
375 2075 407 2128 el
429 2077 595 2145 unumque
618 2073 734 2132 bonum
756 2054 921 2146 expetere,
952 2072 1121 2136 κοινωνίαν
1142 2067 1236 2149 θοοῦ,
1257 2071 1310 2132 καὶ
1333 2063 1370 2130 τὸ
1393 2058 1477 2148 νόμι-

257 2192 319 2250 μον
342 2167 424 2233 ἴσον.
468 2174 571 2243 Quare
593 2178 625 2232 le
649 2179 681 2232 el
704 2172 805 2249 diligo
830 2179 1015 2240 elnonem,
1039 2188 1077 2232 ac
1100 2151 1176 2248 oplo
1200 2173 1232 2230 in
1255 2155 1431 2231 academiis
1452 2175 1477 2226 cl

159 2339 172 2354 l
254 2273 286 2334 in
309 2271 402 2339 Aulis
424 2275 506 2336 icles
529 2290 604 2336 asso
625 2275 838 2338 mullosiuris
853 2275 1010 2338 doctores
1053 2276 1243 2340 naevus.
1289 2277 1351 2337 Gal.
1373 2273 1476 2351 Martii.

255 2375 291 2435 ll.
318 2375 357 2436 u-
374 2375 448 2438 Llll
902 2427 904 2432 .

888 2528 891 2537 .
924 2478 1090 2557 Philippus
1113 2479 1303 2542 Melanllron.

769 2654 975 2664 ——.-.

257 2790 329 2856 455.
362 2793 415 2848 No.
432 2789 543 2872 limi0
589 2786 665 2872 (Vol.
688 2793 743 2851 IX.
765 2813 794 2866 p.
812 2788 902 2870 792.)
1343 2791 1390 2853 3⁰.
1404 2792 1473 2844 Mart.

358 2874 521 2900 Μ
1358 2875 1475 2904 Μ

472 2953 586 3021 licor.
614 2947 855 3044 Bullinpcma
881 2947 933 3018 od
961 2943 1303 3022 Melanchlaenae.

324 3098 396 3149 Haeo
415 3099 496 3164 longa
517 3096 632 3164 epistola
660 3103 752 3149 exstat
777 3097 806 3148 lo
824 3095 913 3166 llplst.
936 3097 966 3150 Τ.
986 3099 1006 3148 Ι.
1031 3115 1058 3166 p.
1071 3097 1131 3151 471.
1158 3095 1280 3148 loculo.
1309 3091 1471 3147 inTabulario

358 3183 498 3236 Ecclesiae
518 3183 666 3249 'ligurinae
686 3197 720 3234 ex
738 3183 818 3251 copia
836 3184 1037 3250 periuriorem
1055 3183 1200 3235 lleurieum
1212 3181 1390 3248 Bulllogarum
1405 3179 1470 3230 iactr.

356 3269 422 3320 llius
443 3270 621 3338 apographon
641 3269 711 3322 Glar.
732 3269 877 3336 Voegellno
897 3269 986 3321 debeo

633 3422 805 3508 (Philippo
833 3421 1114 3503 Melanchlaenas.)

340 3561 369 3620 S.
383 3561 418 3621 D.
445 3561 628 3621 Reverende
643 3559 709 3633 Vir,
732 3551 869 3623 Domine
893 3556 1120 3630 colendissimo
1146 3567 1177 3620 et
1200 3561 1298 3622 frater
1313 3559 1469 3622 carissime.

255 3662 376 3740 Accepi
405 3682 441 3725 ac
462 3665 529 3741 legi
559 3682 637 3740 quas
661 3665 701 3726 ad
724 3683 773 3725 me
795 3665 913 3727 misisti
935 3664 1047 3751 lilor'os
1073 3665 1250 3734 ciliorum,
1283 3683 1340 3742 pro
1364 3680 1418 3740 qno
1444 3663 1469 3716 el

255 3769 371 3845 gratias
395 3783 454 3844 ago
476 3773 549 3826 luae
574 3765 772 3831 humanitati.
808 3771 854 3829 Αο
876 3768 988 3828 merito
1014 3783 1090 3829 sane
1115 3767 1258 3842 querilur
1275 3763 1420 3830 Ecclesia,
1439 3775 1466 3818 se

255 3868 674 3947 imponereinponere,
702 3879 766 3931 nnn
801 3870 950 3932 inimicis.
993 3868 1137 3932 Dissidia
1169 3868 1264 3939 enirn,
1295 3884 1376 3942 quae
1401 3860 1467 3924 erci-

254 3971 390 4057 tantur¹)
406 3972 589 4034 inEoclesia
612 3975 708 4034 etiarn
733 3976 770 4035 ab
795 3973 872 4045 illis,
889 3991 971 4050 quae
994 3975 1158 4035 columnae
1168 3971 1324 4048 quaedam
1336 3964 1466 4031 Ecclesia·

254 4093 321 4137 rum
345 4077 446 4138 videri
470 4077 587 4146 volunt,
610 4075 723 4138 mirum
745 4079 776 4138 in
800 4078 926 4138 modurn
941 4084 1134 4140 remorantur
1156 4076 1238 4151 apud
1254 4082 1366 4153 gentes
1380 4068 1466 4132 varias

254 4179 408 4267 salubrem
429 4177 597 4264 Evangelii
621 4196 754 4254 cursum,
785 4183 966 4256 perornant
997 4181 1076 4242 item
1100 4178 1383 4240 vehementissime
1408 4175 1463 4233 sirn-

254 4275 416 4358 pliciores‚
438 4273 635 4343 'infirmiores
659 4299 735 4346 vero
765 4281 934 4356 offendnnl,
969 4283 1017 4344 vcl
1039 4285 1102 4344 hoc
1124 4261 1328 4360 potissimum
1349 4275 1464 4339 nornine,
1517 4345 1518 4362 3

256 4381 338 4455 quod
367 4381 490 4456 liquido
519 4392 650 4446 cernuo-l
681 4385 738 4447 illa
765 4384 871 4449 omnia
905 4383 983 4447 oriri
1019 4392 1052 4446 cl
1082 4386 1157 4462 geri
1186 4401 1243 4462 per
1273 4383 1462 4458 ambitionem,

256 4518 456 4532 —-—.-.-..

357 4582 384 4648 1)
404 4584 564 4654 excitantur]
584 4588 756 4656 sicscrlpe13
780 4592 959 4659 apographon
978 4591 1076 4644 habet:
1096 4593 1279 4646 exercitantur
