3084 5208
437 293 679 365 snrrnsnunri
699 311 780 364 mnu
810 313 885 366 nan.
1219 293 1287 366 too

69 469 113 532 De
131 471 276 532 articulis
299 491 346 531 ear
367 472 503 532 consilio
532 474 655 550 scripto
677 465 725 528 ud
747 463 864 529 Gallos
894 473 1066 550 excerptio
1098 477 1137 528 ct·
1160 467 1285 550 depra-

129 573 274 637 antis-ab
296 575 394 646 aliis,
422 573 468 633 od
491 569 680 634 Οοννναάονν
701 569 969 633 Heresbachimu
990 567 1093 634 Anno
1118 574 1209 633 tosa.

138 695 267 758 Articuli
290 694 357 764 illi,
387 693 441 769 qui
465 691 742 762 circumferuntur,
776 709 838 752 non
870 699 940 752 sunt
963 689 1089 774 γνήσιοι
1113 691 1169 752 sed
1194 691 1285 752 inuti

69 801 128 868 tnti,
156 807 186 858 et
209 799 353 874 excerpti
383 815 423 858 ex
448 796 581 871 qrrodam
607 811 677 856 meo
702 795 903 874 longiusculo
936 796 1074 858 consilio
1106 797 1223 871 scripto
1247 795 1287 855 ad

69 906 227 980 langueam
251 903 378 962 fratrem
397 899 550 976 Episcopi
574 897 774 960 Purisiensis.
810 901 989 977 Rogoverot
1013 901 1095 961 enim
1110 903 1286 976 Languens,

69 1015 93 1064 nt
117 1007 265 1067 rationem
302 1003 441 1080 aliquam
480 1003 766 1080 componendarum
796 1005 905 1064 harum
941 1003 1179 1064 dissensionum
1214 1019 1286 1080 per

69 1111 237 1179 scriberem,
268 1125 305 1169 ac
329 1105 420 1166 simul
446 1105 629 1164 ostenderat
653 1105 772 1182 Regem
797 1105 957 1166 Gallorum
987 1106 1072 1186 apud
1101 1105 1286 1168 Pontificem

68 1213 191 1287 topace
215 1217 248 1270 et
270 1209 471 1286 mitigatione
496 1213 649 1267 tantarum
674 1223 776 1268 rerum
801 1216 942 1268 acturum
966 1225 1048 1270 esse.
1082 1207 1204 1286 Scripsi
1228 1207 1286 1285 igi·
1374 1231 1377 1236 ·

68 1323 119 1384 tnr,
147 1312 220 1389 quid
251 1309 330 1372 mihi
361 1312 532 1371 videretur.
588 1309 652 1370 Nec
682 1326 733 1370 mo
764 1311 856 1371 valde
894 1312 1040 1388 poenitet
1069 1311 1133 1372 mei
1165 1309 1286 1372 iudicii.

67 1417 167 1490 Scripsi
190 1415 231 1476 de
255 1415 371 1492 politia
391 1413 620 1475 Ecclesiastico
645 1415 878 1484 conservanda,
910 1414 1027 1476 deinde
1051 1413 1126 1490 quid
1149 1415 1287 1476 relaxari

66 1537 182 1595 aeqrmm
206 1534 282 1578 esse
306 1533 485 1586 censerem,
517 1517 632 1591 artibus
655 1518 696 1577 de
719 1519 813 1578 rebus
843 1516 956 1579 doctos
988 1518 1129 1593 colloqui
1153 1517 1288 1594 diligen-

67 1623 115 1682 tins
142 1622 320 1700 prodesset.
378 1621 453 1680 Inde
485 1627 556 1680 sunt
587 1618 636 1678 illi
666 1617 812 1691 articuli,
850 1621 907 1681 sed
930 1623 1012 1682 mola
1040 1617 1103 1682 lide
1134 1622 1288 1697 decerpti.

65 1725 153 1786 itnltis
182 1726 259 1786 dedi
289 1724 532 1796 describendum
569 1737 673 1784 meum
709 1724 895 1796 consilium,
930 1725 988 1785 sed
1026 1725 1122 1784 edere
1152 1723 1288 1784 nonduin

67 1830 152 1900 nolui,
182 1829 268 1905 quod
300 1829 332 1887 in
363 1833 450 1886 tanta
478 1826 691 1902 perversitate
729 1826 918 1888 iudiciorum
950 1843 1083 1899 vereor,
1119 1841 1159 1887 ne
1189 1827 1289 1904 stragis

66 1931 210 1994 irritentur
240 1929 393 1992 nonnulli.
453 1929 521 1989 Rex
551 1928 676 1989 Galliae
713 1947 775 1990 non
806 1931 940 1989 obscure
978 1929 1190 2007 significavit,
1225 1929 1289 1990 sibi

65 2050 149 2094 menrn
179 2031 352 2095 consilinm
381 2033 516 2108 probari.
568 2031 655 2091 Misit
686 2033 832 2102 Romam,
863 2049 977 2108 meque
1010 2035 1154 2104 vocavit,
1184 2040 1219 2093 nt
1249 2034 1289 2092 de

65 2135 161 2196 iisdem
185 2139 281 2197 rebus
304 2151 354 2195 me
377 2135 520 2204 audiret,
555 2135 611 2194 sed
634 2136 705 2196 Dux
728 2134 888 2196 Saxouioe
919 2135 1020 2196 noluit
1044 2153 1093 2197 me
1117 2137 1287 2198 dimittere.

65 2239 162 2299 Nolunt
191 2237 353 2316 privatum
388 2253 567 2312 quenquam
597 2237 720 2312 pacisci
753 2255 822 2298 cum
854 2239 909 2298 illo
941 2239 981 2297 de
1005 2237 1189 2316 Republica.
1236 2239 1289 2299 Sic

66 2343 135 2402 anim
157 2344 345 2417 loquuntur:
384 2341 474 2402 δοκεῖ
493 2339 529 2402 δὲ
550 2337 642 2416 auerti
663 2363 711 2414 τις
741 2341 802 2402 τῶν
831 2334 1029 2404 anatomicos
1055 2345 1202 2423 τυραννὶς
1229 2365 1291 2404 xa·

66 2447 227 2526 irritamina
253 2438 345 2506 ονῗδὲν
361 2445 508 2526 μέτριον,
530 2448 584 2508 καὶ
599 2441 804 2521 κανονικὸν,
826 2448 879 2508 καὶ
894 2441 1064 2508 πολιτικὸν
1079 2441 1289 2532 φρονούντων.

66 2549 207 2610 Cedamus
230 2549 328 2624 igitur
350 2547 435 2610 fotis.
470 2548 700 2625 Nunchngins
724 2565 773 2611 mo
797 2555 899 2611 vocat.
934 2549 998 2626 Seri
1021 2549 1096 2610 aliis
1119 2549 1160 2610 de
1185 2551 1290 2620 rebus,

66 2646 114 2730 ἐγώ
133 2655 258 2734 μᾶλλον
280 2652 420 2732 &etopus
444 2642 526 2716 εἶναι
549 2648 719 2734 σύμμαχος
744 2654 805 2715 τῶν
826 2648 1070 2728 σπουδαζόντων
1086 2651 1193 2728 κοινὴν
1211 2645 1288 2733 ὁμό-

66 2778 142 2818 νοιαν
162 2763 272 2820 ποιεῖν
289 2757 346 2830 ,τῆς
368 2751 539 2830 ἐκκλησίας.

69 2961 124 3020 152.
156 2961 338 3022 Nomii.
384 2958 460 3042 (Vol.
475 2964 530 3020 III.
553 2983 579 3037 p.
596 2963 682 3036 229.)
842 3023 845 3028 ,
877 3020 880 3028 ,
1097 2959 1171 3062 (eod.
1195 2920 1290 3078 annu)

155 3047 328 3074 Nm·
1118 3049 1276 3075 m

580 3125 766 3206 Quaestio.

126 3253 180 3311 loli.
201 3254 292 3318 Georg
311 3252 428 3317 Fttsing:
464 3249 655 3318 liubilinbiidpt
681 3251 807 3302 Relatiou
831 3249 877 3307 toit
902 3251 998 3322 tottii
1023 3255 1063 3306 ott·
1088 3253 1292 3308 Reiornratioue

155 3339 197 3390 oet
215 3335 298 3390 &tuot
317 3335 481 3403 tteuttttuaen
507 3333 532 3403 io
552 3335 613 3402 tortu
634 3347 697 3390 οονε
717 3337 762 3392 tun
790 3339 839 3389 uuo
865 3335 921 3400 auri
940 3337 992 3390 iarn
1010 3333 1078 3402 &uir
1097 3337 1132 3388 Μ.
1153 3337 1185 3390 D.
1205 3339 1292 3393 tht.

157 3421 283 3494 eigeutlid)
303 3421 481 3492 icrpegnngaa.
503 3421 593 3490 (1717.
605 3417 671 3488 8⁰.)
687 3437 718 3490 p.
735 3423 785 3476 265
800 3439 841 3486 sq.
862 3424 896 3474 ad
916 3439 940 3476 a.
964 3423 1038 3478 1536.

376 3547 598 3608 Controversia
625 3552 735 3606 exorto
759 3553 807 3604 est
832 3545 977 3622 Coburgi.

105 3663 218 3732 Utrum
248 3666 372 3750 Carpus
400 3643 525 3729 *Christi
552 3675 714 3748 sumptum
742 3669 776 3728 air
806 3663 933 3736 Coeno,
967 3670 1003 3726 ν’νι
1030 3667 1250 3730 ventriculum

574 3763 780 3832 descendat?

142 3883 226 3951 Nihil
242 3888 370 3952 dubium
389 3895 453 3959 est,
477 3889 696 3952 adorationem
712 3888 919 3966 Papisticam,
942 3887 975 3952 iu
992 3887 1292 3967 circumgestatione

68 3991 147 4059 panis
172 3999 203 4052 et
226 3990 427 4068 repositione
457 4000 489 4052 et
520 3991 699 4061 oblatione,
732 3991 975 4056 idololatricam·
993 4009 1082 4062 esse,
1114 3993 1188 4068 quio
1212 3995 1293 4058 nihil

68 4089 152 4152 nabet
182 4093 339 4156 rationem
362 4093 555 4156 Sacramenti
583 4103 673 4157 extra
704 4112 796 4158 usum
818 4115 837 4156 a
858 4098 926 4158 Deo
959 4097 1145 4159 institutum.
1197 4098 1293 4159 *Crea-

69 4199 127 4255 tura
154 4197 238 4258 enirn
267 4199 373 4260 iacere
410 4199 646 4261 Sacramentum
676 4219 738 4260 non
770 4207 883 4277 potest.
940 4199 1087 4262 instituta
1116 4207 1220 4261 autem
1245 4210 1295 4263 est
1371 4231 1377 4238 ·

70 4298 212 4374 suniptio,
248 4301 280 4360 in
305 4317 367 4376 que
397 4317 465 4362 cum
490 4319 570 4378 pune
595 4308 625 4362 et
651 4302 722 4363 vino
746 4319 823 4363 vere
852 4301 1106 4364 substantialiter
1130 4304 1222 4364 adest
1244 4305 1292 4366 Fi-

71 4395 122 4458 lius
143 4403 221 4474 Dei,
251 4410 283 4463 et
314 4403 504 4467 testificatur
534 4407 593 4467 hac
626 4413 756 4468 externa
787 4405 988 4481 sumptione,
1021 4406 1105 4482 quod
1129 4423 1204 4468 vere
1235 4427 1293 4469 nos

71 4499 153 4564 iaciat
176 4507 237 4568 sibi
261 4509 416 4578 membra,
449 4516 481 4568 ct
505 4525 579 4570 sese
604 4515 634 4569 et
658 4527 716 4571 sua
738 4508 830 4572 nobis
860 4507 1079 4570 communicet.
1131 4507 1218 4570 Sicut
1242 4511 1293 4571 lli-

68 4602 153 4668 iarius
177 4609 295 4687 inquit:
331 4607 414 4670 iaec
436 4625 565 4694 srampta
590 4611 763 4675 citarista
779 4609 941 4690 faciant,
963 4623 1000 4676 ut
1024 4609 1173 4676 Christus
1195 4621 1239 4676 sit
1262 4623 1296 4676 ν’νι
