3102 5202
624 349 806 404 errarunt.
1272 315 1338 403 'ott

101 560 186 620 524.
218 508 379 619 Νο.3184”.
415 517 680 644 (vn.1.p.ns.)
1054 566 1126 618 med.
1147 563 1208 619 lun.
1234 561 1324 622 1526.

206 643 371 672 ws-
1066 643 1332 678 Μ

649 786 796 864 Eidem.

164 937 243 989 Hane
262 937 404 1005 epistolam
423 938 606 990 mediolanio
627 937 703 992 tort.
721 938 850 1005 scriptam
870 953 939 999 esse,
963 938 1114 992 Bracheruo
1138 941 1155 993 Ι.
1173 941 1190 991 Ι.
1214 957 1241 1008 p.
1253 942 1339 995 362·-

203 1025 265 1080 aot.
283 1039 343 1076 eam
366 1023 416 1076 sub
434 1039 481 1079 uo.
499 1025 545 1076 VI.
564 1025 679 1078 efferens
696 1027 724 1076 in
741 1031 863 1082 annotat.
879 1026 923 1078 tu.
940 1031 1159 1091 argumentatur.

303 1228 454 1295 Iohanni
471 1229 666 1312 Agricolae
687 1229 865 1294 litationi
887 1237 993 1294 amico
1014 1252 1073 1294 cuo
1093 1231 1129 1296 S.

204 1387 237 1447 S.
282 1385 383 1446 Valde
407 1385 576 1464 cupiebam
612 1385 644 1447 in
669 1377 773 1453 reditu
807 1389 840 1447 tc
869 1387 986 1458 visere,
1010 1404 1077 1447 curn
1101 1403 1139 1448 ex
1164 1387 1337 1468 Thuringia

83 1488 238 1566 Lipsiam
279 1488 342 1550 iter
364 1489 511 1550 tacerem.
555 1488 618 1550 Sed
641 1505 746 1568 nequo
779 1491 868 1551 solus
903 1505 999 1560 eram,
1036 1506 1142 1565 neque
1166 1489 1336 1552 comitibus

85 1591 176 1652 meis
213 1598 280 1654 erut
313 1590 472 1670 integrum
506 1609 525 1653 e
559 1591 651 1672 regia
674 1591 727 1654 via
762 1577 939 1654 discedere
985 1591 1058 1655 Nam
1092 1583 1258 1654 unius‘in
1284 1593 1336 1655 his

85 1711 197 1772 eqrrus
221 1697 337 1757 misere
361 1695 565 1756 claudicabat.
594 1693 653 1756 Ubi
677 1695 760 1756 redii
783 1695 919 1766 domum,
944 1695 1080 1756 truthero
1103 1694 1236 1758 tiliolum
1260 1712 1335 1771 pau-

85 1798 117 1858 lo
143 1802 221 1857 onte
246 1797 387 1874 comperi
410 1803 514 1860 natum
540 1813 623 1869 esse,
645 1805 817 1873 praeterea
839 1799 914 1859 novi
941 1795 993 1858 hio
1024 1795 1104 1859 nihil
1135 1803 1209 1859 erat.
1254 1799 1334 1871 Scis,

88 1899 214 1976 quibus
237 1900 393 1960 derebus
418 1907 450 1959 et
474 1899 619 1962 consiliis
643 1901 837 1977 quorundam
860 1900 1065 1962 factiosorum
1088 1902 1248 1962 horninum
1272 1904 1335 1962 col·

83 2000 195 2063 locuti
219 1999 362 2078 sumus‚¹)
396 2019 465 2063 oum
488 2019 550 2084 una
573 2018 727 2064 essemus.
770 2004 819 2063 De
843 2004 894 2063 his
918 2003 1013 2078 cupio
1037 2008 1141 2063 tecum
1164 2003 1334 2080 aliquando

86 2103 259 2183 copiosius
281 2105 378 2181 toqui.
423 2104 487 2166 Nos
520 2103 572 2165 hic
604 2105 752 2167 sudamus
787 2104 818 2166 in
843 2106 953 2166 schola
986 2122 1048 2165 non
1081 2103 1215 2176 leviter,
1251 2106 1333 2177 dum,

85 2214 243 2287 quantum
268 2207 448 2268 durissimis
460 2207 658 2285 temporibus
681 2224 861 2286 possumus,
885 2208 1049 2269 studemus
1072 2223 1139 2269 rem
1162 2208 1333 2271 literarium

86 2326 294 2373 conservare.
340 2313 445 2386 Atque
467 2312 587 2373 utinam
615 2310 707 2371 ludus
731 2311 808 2371 mitri
837 2317 891 2372 tuo
914 2312 1031 2372 similis
1054 2318 1151 2381 esset,
1174 2310 1334 2388 siquidem

86 2415 223 2476 omnino
247 2413 279 2475 in
302 2416 364 2475 hoc
377 2416 462 2476 vitae
485 2431 604 2492 genere
620 2413 714 2476 uideo
737 2415 827 2486 mihi,
851 2414 933 2491 quod
956 2422 1103 2489 superest
1121 2416 1218 2486 vitae,
1235 2424 1332 2476 trans·

83 2517 238 2596 igendum
263 2532 346 2580 esse.
392 2518 465 2578 Nam
504 2535 656 2596 nusquam
690 2516 796 2578 minus
835 2524 884 2579 est
918 2518 994 2587 otii,
1033 2535 1124 2594 quarn
1160 2515 1193 2578 in
1225 2524 1334 2580 nostra

84 2621 209 2681 schola.
228 2617 288 2680 Ubi
304 2636 345 2680 ex
358 2619 532 2681 tuistiteris
546 2637 737 2700 cognovero,
748 2621 819 2696 quid
833 2637 919 2698 agas,
932 2621 1058 2697 capiam
1069 2619 1238 2681 consilium
1250 2621 1289 2680 ad
1299 2627 1333 2681 te

83 2720 296 2798 exspatiandi
320 2723 423 2799 primo
447 2738 573 2800 quoque
597 2727 750 2800 tempore.
795 2723 898 2794 Quare
921 2723 996 2784 volo
1018 2731 1055 2785 ut
1076 2725 1194 2785 scribas
1217 2721 1331 2784 statim.

85 2821 215 2908 Vitus²)
237 2825 365 2886 iuvenis
388 2825 456 2896 ille,
480 2827 531 2887 cui
554 2843 644 2904 spem
666 2827 802 2888 fecimus
827 2827 895 2887 sore
922 2833 955 2887 ut
990 2843 1047 2888 sua
1069 2842 1166 2901 opera
1201 2826 1233 2887 in
1256 2826 1330 2887 ludo

83 2933 200 2988 vestro
224 2927 366 3000 utamini,
389 2927 477 3004 cupit
499 2929 593 3000 scire,
617 2929 693 3005 quid
716 2929 902 2990 statueritis.
946 2927 993 2989 Ea
1014 2929 1055 2989 de
1077 2945 1112 2990 re
1139 2945 1258 3005 quaeso
1282 2927 1329 2990 di-

86 3029 231 3106 ligenter
253 3031 424 3107 responde.
470 3029 680 3108 Dignissimus
704 3038 754 3092 est
788 3039 919 3108 propter
942 3032 1154 3094 eruditionem
1188 3040 1220 3094 et
1248 3049 1329 3093 surn-

83 3149 168 3193 mam
193 3130 392 3205 modestiam,
417 3149 509 3209 quern
532 3133 674 3198 adiuvas.
706 3136 897 3197 Commendo
920 3134 1209 3197 tibiVendatinum.
1231 3134 1331 3197 Uxori

84 3238 163 3294 tuae
187 3233 217 3294 S.

1022 3338 1198 3416 rnrrrppos.

90 3715 161 3778 525.
195 3715 367 3830 Q
391 3712 469 3800 (vot
483 3722 507 3780 Ι.
528 3719 657 3800 psat.)
946 3719 1018 3804 (tere
1032 3717 1328 3796 medioNov.152d.)

520 3982 522 3987 .
632 3928 777 4002 Eidem.

159 4041 235 4128 Hane
254 4076 401 4144 epistolam
420 4084 447 4130 et
467 4077 679 4144 rubreqoeutem
697 4079 753 4132 iere
773 4077 862 4132 medio
880 4079 1025 4133 Novembri
1043 4079 1078 4132 ad
1091 4079 1247 4147 Agricolam
1266 4096 1327 4134 ecre

193 4163 284 4226 datae,
301 4163 454 4216 Breoheruo
473 4163 491 4216 1.
509 4164 526 4216 t.
546 4181 574 4232 p.
588 4164 638 4219 367
657 4181 697 4232 sq.
715 4165 762 4218 ubi
782 4181 829 4218 eac
847 4179 892 4219 no.
906 4164 943 4222 X.
962 4173 990 4220 ct
1007 4165 1057 4223 XI.
1077 4167 1197 4232 exhibet,
1215 4169 1242 4218 iu
1260 4175 1327 4222 uoto

192 4250 238 4306 te.
257 4249 388 4302 attendit.

193 4527 224 4596 1)
241 4527 280 4582 Da
299 4529 344 4583 hta
362 4529 468 4597 tegatur
486 4505 615 4584 Brcohert
633 4538 724 4585 annot.
742 4534 785 4586 tl.
806 4531 824 4586 Ι.
837 4532 856 4585 Ι.
876 4549 905 4602 p.
915 4535 968 4589 362
985 4551 1028 4602 oo.

195 4627 227 4700 2)
244 4632 324 4684 Vitue
344 4634 558 4687 Amerbachiue?
577 4634 638 4688 vide
657 4635 783 4686 Brcclreri
801 4628 893 4688 uotam
911 4635 954 4691 tt.
973 4637 992 4694 l.
1005 4637 1023 4690 l.
1046 4654 1075 4706 p.
1089 4641 1148 4694 363.
