3084 5208
175 301 240 374 118
574 320 816 374 surruuuunrn
837 320 920 372 amu
942 321 1017 374 1110.

176 487 352 552 1110000010,
375 469 562 548 tractabilis,
585 479 680 554 plena
705 476 926 538 misericordia
947 483 978 538 et
997 478 1151 539 tractibus
1168 479 1271 549 honis,
1296 481 1423 554 absque

177 583 409 646 diiudicatioue
433 587 465 640 et
489 579 559 640 sine
583 578 797 639 simulatione.
845 580 976 640 Valeant
1001 597 1077 656 ergo
1101 579 1314 656 suspiciones.
1360 581 1422 639 Va-

176 690 261 748 leant
284 683 548 746 concertationes,
593 682 727 743 Valeant
757 682 944 742 simultates.
991 684 1125 742 Valeant
1157 685 1277 743 susurri
1307 691 1340 742 et
1370 701 1422 743 ca-

177 789 322 850 lumniae.
369 789 516 848 Aruernus
541 804 597 844 uos
621 792 728 845 mutuo
753 785 785 844 in
811 801 885 844 vera
909 783 1026 844 Christi
1061 784 1224 844 charitate.
1271 785 1423 845 iuvemus

176 899 364 956 0001110100
388 888 420 950 iu
445 905 544 965 opere
567 887 705 949 Domini.
751 890 946 964 Reparemus
963 889 1106 966 Regnum
1121 887 1248 951 Christi.
1286 887 1423 948 Exscin-

176 996 287 1055 damus
316 1011 379 1053 una
409 993 550 1068 Regnum
579 991 780 1051 Antichristi.
833 989 969 1050 Vidistis
1001 998 1139 1050 nostram
1171 991 1423 1051 contessionem.

176 1095 373 1174 lntclligitis,
395 1110 477 1170 quae
500 1095 542 1154 sit
566 1091 726 1153 sentehtia
748 1099 857 1153 nostra
872 1093 913 1152 de
928 1091 1115 1169 Evangelio,
1137 1100 1279 1169 peccato,
1303 1094 1425 1170 gratia,

175 1206 208 1259 et
231 1199 461 1263 iustificatione
492 1195 696 1272 iustitiaque:
733 1195 810 1272 quid
839 1195 917 1258 item
948 1195 1124 1256 sentiamus
1157 1197 1199 1259 de
1230 1195 1358 1259 Christo
1392 1203 1426 1257 et

177 1300 373 1371 ministerio,
397 1318 433 1362 ac
457 1301 490 1360 vi
515 1301 603 1359 verbi
624 1317 661 1360 ac
676 1298 960 1360 Sacramentorum.
999 1299 1161 1376 Nugeutur
1181 1315 1256 1375 ergo
1274 1315 1424 1370 errones,

176 1404 444 1482 quidquidlibet:
468 1405 532 1466 Vos
556 1410 662 1466 autem
682 1405 821 1473 credite,
846 1422 904 1466 nos
929 1402 974 1464 itu
999 1410 1125 1471 tenere.
1150 1402 1283 1464 credere
1307 1410 1340 1465 et
1364 1403 1423 1463 do-

176 1525 248 1570 cere
272 1507 539 1570 incontaminatae
563 1505 731 1584 religionis
756 1505 880 1584 capita,
914 1506 1177 1582 quemadmodum
1203 1505 1344 1575 coulessi
1369 1525 1424 1565 su-

176 1629 252 1670 mus
299 1610 387 1682 Quod
412 1609 440 1670 si
465 1607 540 1683 quid
565 1609 596 1668 iu
622 1609 677 1668 illa
701 1607 912 1675 desideratis,
937 1608 1095 1676 iudicate,
1128 1611 1280 1679 obsecro,
1310 1617 1424 1669 11100-

175 1719 240 1774 met
269 1727 378 1773 omnes
408 1718 536 1771 cessent
570 1709 774 1788 suspiciones
806 1717 838 1769 01
868 1711 1060 1769 simultates.
1122 1710 1206 1770 ldcru
1237 1709 1355 1786 scripsi
1390 1720 1425 1772 01

174 1819 210 1888 D.
234 1817 382 1879 Luthero.
437 1814 513 1876 Nam
536 1831 676 1874 amamus
701 1831 759 1872 vos
784 1819 816 1872 et
839 1813 982 1888 cupimus
1014 1812 1085 1882 illa,
1116 1829 1197 1888 quae
1229 1813 1424 1876 charitatem

177 1935 342 1996 synceram
365 1916 559 1996 impediunt,
583 1923 696 1978 amota.
749 1914 832 1975 Saue
863 1913 1057 1975 simulachra
1081 1932 1098 1974 e
1125 1917 1270 1994 templis,
1306 1935 1423 1980 secun-

176 2024 248 2083 dum
272 2022 362 2096 leges
385 2021 463 2090 Dei,
488 2026 520 2080 01
536 2037 576 2080 ex
592 2018 748 2079 communi
767 2017 934 2078 Ecclesiae
955 2023 1083 2102 nostrae
1104 2035 1273 2089 consensu,
1297 2019 1424 2081 Sancti-

178 2140 240 2199 que
263 2122 465 2200 Magistratus
490 2124 612 2192 edicto,
643 2122 786 2182 modeste
812 2126 843 2178 et
868 2121 946 2180 citra
976 2124 1082 2180 turbas
1112 2124 1355 2198 exportavimus
1391 2131 1425 2186 et

176 2226 384 2287 abolevimus.
430 2227 662 2303 Abrogavimus
689 2222 1176 2300 110111100101100111,1100001,
1205 2226 1425 2288 auricularem

176 2330 429 2401 confessionem,
454 2332 560 2405 iisque
585 2327 852 2395 remmtiavimus,
877 2342 959 2400 quae
982 2345 1051 2385 cum
1073 2327 1128 2386 illa
1151 2336 1239 2388 erant
1256 2331 1420 2408 colligata.

178 2434 217 2494 At
241 2434 338 2502 haec,
361 2435 493 2510 opinor,
519 2433 677 2494 nemiuem
700 2432 785 2510 apud
810 2449 866 2489 vos
891 2428 1065 2498 offendunt,
1089 2449 1161 2492 uam
1184 2437 1218 2490 ut
1244 2439 1422 2497 statuarum

178 2537 386 2612 picturaeque
415 2555 506 2598 usum
544 2553 615 2596 sero
652 2535 779 2595 1011110111
813 2539 843 2591 01
877 2539 947 2608 post
978 2551 1076 2592 annos
1108 2533 1355 2612 quadringentos
1388 2535 1422 2596 in

125 2703 130 2714 ,
179 2639 297 2716 templa
321 2638 571 2700 Christianorum
596 2644 727 2714 recepta
750 2655 810 2696 uon
837 2634 984 2712 ignoras,
1015 2636 1060 2695 ita
1092 2636 1156 2696 scis
1181 2639 1425 2725 confessionem

178 2740 356 2802 institutum
387 2758 461 2803 esse
496 2760 556 2802 non
590 2739 828 2820 Apostolicum,
870 2739 926 2797 sed
959 2739 1092 2798 Petrum.
1149 2737 1240 2800 Nosti
1271 2738 1424 2802 nimirum

179 2843 320 2906 Nestorii
351 2844 478 2904 celebre
508 2845 633 2905 lactum.
686 2843 812 2902 1111011111
844 2858 920 2901 vero
951 2840 1032 2900 nihil
1064 2856 1244 2912 cessamus,
1273 2843 1330 2902 sed
1363 2864 1421 2920 pro

179 2947 285 3008 officio
309 2954 342 3008 et
364 2947 533 3008 vocatione
559 2953 664 3008 nostra
689 2946 889 3006 consolamur
913 2944 1100 3021 cognitione
1123 2945 1247 3021 peccati
1269 2946 1421 3007 Divinae-

179 3065 242 3124 que
266 3048 333 3109 irae
356 3051 599 3125 perterrefactus
624 3049 855 3117 conscientias,
881 3064 1001 3122 easque
1026 3047 1057 3107 iu
1077 3049 1141 3107 fide
1156 3049 1274 3109 Christi
1296 3050 1420 3112 redem-

179 3153 296 3228 ptoris,
334 3153 581 3230 promissionum
604 3153 665 3213 Dei
689 3150 838 3230 diligenti
862 3149 1105 3226 praedicatione
1129 3153 1358 3213 confirmamus.
1380 3191 1419 3200 ψ

179 3255 347 3316 Praeterea
378 3257 551 3318 retinemus
588 3257 691 3316 adhuc
725 3254 886 3332 publicam
923 3252 1011 3313 illam
1047 3271 1174 3332 semper
1212 3256 1421 3320 111Εο010010

178 3364 361 3435 usurpatam
397 3366 600 3434 peccatorum
635 3359 878 3419 contessionem.
945 3358 1066 3416 Bellum
1103 3358 1239 3418 10110000
1277 3367 1420 3420 nostrum

179 3459 273 3524 nimis
303 3460 475 3522 infeliciter
504 3469 645 3538 gestum,
677 3459 873 3522 abalienavit
902 3476 920 3519 a
950 3459 1042 3519 nobis
1076 3462 1270 3534 quorundam
1299 3470 1420 3524 vestra-

179 3565 257 3624 tium
281 3565 420 3634 011111100,
444 3564 580 3626 maxime
604 3565 687 3642 quod
712 3562 818 3622 felicis
840 3561 1012 3624 memoriae
1028 3565 1201 3642 'Lwiuglius
1217 3564 1305 3625 illius
1324 3568 1420 3642 quasi

180 3667 231 3726 lax
254 3674 285 3726 et
309 3674 399 3728 011101
422 3666 522 3728 1111000
547 3667 693 3728 creditur.
729 3666 810 3742 Ergo
835 3671 869 3723 ut
892 3665 964 3724 eius
986 3666 1033 3725 rei
1049 3674 1080 3724 et
1097 3667 1312 3744 Zwinglianae
1329 3670 1419 3731 inno-

180 3770 305 3830 centiae
331 3770 378 3829 vel
403 3771 541 3846 aliquem
565 3777 692 3848 gustum
715 3771 851 3837 habeas,
880 3770 978 3828 statui
1003 3769 1093 3828 hisce
1117 3771 1241 3830 chartas
1265 3774 1420 3848 quasdam

178 3872 370 3952 adiungere,
399 3892 459 3933 nou
490 3892 507 3932 a
536 3889 587 3934 me
619 3873 747 3950 quidem
786 3871 981 3948 compositas
1011 3877 1042 3934 et
1072 3872 1257 3943 adornatas,
1293 3876 1351 3935 sed
1380 3881 1419 3939 ab

181 3977 252 4051 ipso
278 3977 382 4036 editas
405 3975 599 4052 Magistratu.
655 3975 701 4038 Ex
725 3974 767 4034 iis
791 3973 897 4035 disces
928 3975 1094 4050 utriusque
1125 3976 1202 4036 belli
1227 3994 1357 4048 0011000,
1388 3989 1417 4040 01

179 4079 264 4152 quod
287 4077 421 4154 primum
446 4080 561 4139 bellurn
587 4079 781 4138 necessitate
807 4078 938 4152 quadam
962 4085 1087 4156 gestum
1111 4085 1160 4137 est
1183 4098 1202 4139 a
1223 4079 1418 4156 Magistratu.

178 4178 355 4240 Secundum
385 4188 416 4241 et
444 4183 588 4242 ultimum
625 4184 663 4242 ab
694 4181 840 4242 hostibus
878 4180 1017 4251 illatum,
1055 4201 1072 4242 a
1104 4183 1221 4244 nostris
1252 4199 1329 4244 vero
1360 4204 1419 4262 pro

179 4300 305 4342 suorum
329 4285 518 4346 defensione
543 4293 710 4362 exceptum
735 4288 792 4343 est.
838 4284 954 4346 Hostes
979 4285 1063 4346 enim
1086 4283 1192 4348 subito
1217 4303 1234 4347 e
1259 4288 1419 4352 montibus

179 4385 246 4444 suis
277 4393 481 4465 erumpentes
513 4407 606 4468 agros
637 4396 763 4452 nostros
787 4387 910 4448 vicinos
941 4389 1002 4449 sibi
1034 4389 1224 4450 invadebant
1254 4407 1291 4450 ac
1315 4397 1419 4452 vasta-

179 4488 260 4549 bant.
300 4488 341 4549 Hi
365 4506 440 4552 vero
465 4492 570 4553 coloni
598 4491 753 4553 auxilium
783 4492 985 4566 postulabant
1010 4507 1050 4552 ex
1074 4494 1160 4551 urbe.
1199 4493 1309 4568 Neque
1333 4493 1419 4554 enim

181 4593 290 4670 procul
315 4595 446 4653 aberant
467 4596 504 4654 ab
528 4597 606 4655 urbe
629 4598 749 4656 hostes
785 4597 924 4670 Cumque
947 4594 1128 4678 incredibili
1150 4597 1288 4670 hostimn
1304 4597 1418 4659 celeri-
