3072 5208
219 295 286 382 2⁶4
616 326 861 382 smrcnunurn
881 327 963 380 auur
980 331 1058 384 roco.

308 485 480 564 Imperator
508 485 684 556 indixerat,
720 484 958 548 ut.Mediolani
994 485 1203 548 convenirent
1231 485 1384 563 Episcopi
1409 498 1445 544 ex

219 586 344 650 oriente
368 593 400 648 et
423 587 600 648 occidente.
646 589 693 648 lbi
717 605 786 648 curn
809 587 958 648 Paulinus
984 589 1158 666 episcopus
1181 587 1397 656 trevirensis,
1418 593 1446 645 et

218 691 314 769 pauci
339 691 464 768 putidam
487 692 544 752 alii
566 690 855 753 animadverterent
878 691 1069 752 Auxentium
1093 691 1203 752 fovere
1225 691 1364 760 Arianis,
1392 695 1445 750 sta-

218 794 275 854 tim
305 794 399 856 initio
430 793 665 865 discesserunt,
701 811 739 855 ac
770 795 896 854 luerunt
925 795 1062 856 caeteris
1091 801 1221 855 aratores
1257 791 1445 854 discedendi.

218 895 286 956 Non
311 896 395 956 enim
418 898 568 958 volebant
590 903 760 975 praetextu
782 898 976 972 synodorum
1000 899 1104 960 deleri
1126 898 1305 958 veritatem.

304 998 380 1058 Gum
413 998 511 1075 igitur
539 999 662 1062 similes
696 1015 810 1060 causas
833 1000 1024 1069 habeamus,
1054 1015 1096 1060 ue
1119 998 1336 1060 tridentinam
1357 999 1445 1074 Syno-

219 1100 291 1161 dum
314 1103 504 1176 probemus,
535 1105 646 1178 quales
670 1101 721 1163 illi
744 1104 923 1164 habuerunt
946 1104 977 1164 in
1001 1101 1164 1179 fugiendis
1196 1101 1251 1163 aut
1275 1101 1446 1177 relinquen-

217 1202 268 1262 dis
298 1203 407 1280 impiis
436 1203 699 1281 Synodis,'satis
724 1225 784 1267 nos
816 1213 847 1266 et
875 1208 937 1266 hae
970 1221 1104 1266 caussae
1134 1213 1165 1266 et
1196 1204 1293 1267 baec*
1309 1204 1448 1280 exempla

219 1305 380 1368 excusent.
777 1307 783 1317 '

303 1409 469 1472 Precamur
500 1417 605 1471 autern
625 1413 726 1472 Deum
757 1417 923 1472 aeternum
952 1417 1074 1488 patrem
1097 1409 1227 1473 Domini
1258 1409 1447 1472 nostri'lesu

219 1509 356 1584 Christi,
378 1518 413 1574 ut
435 1513 520 1575 sicut
543 1529 579 1575 se
592 1510 613 1589 ¹)
645 1513 798 1574 immensa
820 1514 965 1574 bonitate
991 1514 1104 1592 generi
1127 1515 1263 1574 humano
1287 1513 1445 1588 patefecit,

219 1613 264 1672 ita
287 1622 395 1675 servet
417 1615 502 1676 inter
524 1616 670 1676 homines
702 1617 805 1676 lucem
827 1616 1016 1693 Evangelii,
1048 1631 1107 1676 nec
1138 1615 1221 1678 sinat
1252 1631 1323 1676 eam
1356 1614 1448 1674 deleri

218 1716 365 1776 humanis
387 1717 547 1778 furoribus
571 1718 820 1794 quibuscunque.
865 1717 1032 1779 Precamur
1057 1717 1171 1788 etiem,
1193 1725 1229 1778 ut
1251 1734 1334 1779 voce
1355 1717 1444 1778 Evan-

218 1818 298 1896 gelii
321 1821 452 1898 colligat
474 1821 538 1883 sibi
561 1819 593 1881 in
615 1821 723 1883 multis
746 1822 896 1900 gentibus
919 1827 1083 1882 aeternam
1108 1819 1338 1898 Ecclesiam¹),
1362 1835 1449 1894 aqua

218 1936 295 1981 vere
324 1921 491 1985 invocetur
522 1930 553 1985 et
582 1926 779 1996 celebretur,
815 1933 847 1985 et
877 1926 999 2002 ubique
1028 1931 1181 1986 terrarum
1212 1925 1299 1985 idola
1326 1927 1449 1983 euertat

218 2026 349 2088 Oramus
379 2025 512 2112 etiam⁸)
544 2037 673 2106 propter
702 2030 836 2106 gloriam
859 2030 921 2091 Dei
931 2028 958 2110 ⁴)
987 2035 1020 2090 et
1051 2031 1187 2090 salutem
1209 2028 1378 2088 Ecclesiae
1408 2026 1446 2085 in·

220 2129 430 2192 victissimum
460 2131 685 2208 Imperatorem
716 2134 862 2194 Carolum
887 2136 1081 2210 Augustum,
1113 2133 1282 2194 Dominum
1314 2137 1447 2190 nostrum

218 2234 517 2306 clementissimum,
549 2243 579 2296 et
603 2251 714 2296 omnes
743 2253 837 2314 reges
862 2244 894 2297 et
916 2237 1097 2315 principes,
1128 2251 1168 2296 ne
1192 2240 1363 2312 praetextu
1384 2249 1446 2306 syn-

218 2337 273 2399 odi
297 2339 401 2399 sinant
425 2339 565 2400 damnari
587 2340 788 2402 manifestem
810 2341 997 2412 veritatem,
1029 2348 1061 2400 et
1084 2337 1263 2401 confirmari
1291 2338 1394 2405 idola,
1416 2337 1444 2391 et

217 2441 367 2503 iniustam
397 2435 565 2505 saevitiam
595 2445 715 2522 passim
744 2452 956 2523 grassantem:
995 2463 1032 2506 ac
1062 2444 1126 2505 sibi
1162 2445 1244 2520 ipsis
1281 2438 1443 2502 commina-

217 2547 323 2606 tiones
346 2546 472 2608 divinas
497 2554 693 2624 proponant,
725 2550 756 2609 in
780 2548 899 2624 quibus
922 2548 1054 2611 dicitur:
1085 2542 1291 2626 blasphemia
1315 2544 1445 2620 Spiritus

217 2667 280 2710 non
304 2651 483 2712 remittetur
505 2652 697 2714 homiuibus.
741 2654 837 2724 ltem,
861 2653 979 2714 Veniet
1003 2668 1100 2729 super
1122 2669 1182 2712 vos
1202 2653 1336 2726 sanguis
1353 2649 1446 2708 iustus

219 2753 338 2816 effusus
361 2754 437 2814 inde
459 2771 562 2830 usque
584 2773 603 2816 a
625 2772 705 2816 nece
727 2759 806 2820 Abel
830 2759 918 2827 iusti,
944 2763 1004 2818 etc.
1039 2755 1107 2816 Non
1125 2755 1343 2818 assentientur
1357 2754 1447 2829 hypo-

218 2858 323 2928 critis,
349 2859 404 2934 qui
427 2858 566 2934 agnitam
588 2859 756 2922 veritatem
780 2863 914 2921 obruere
940 2866 1100 2922 conantur.
1137 2859 1206 2920 Non
1230 2859 1294 2920 sint
1317 2852 1448 2917 ministri

218 2959 345 3021 alienae
369 2959 585 3022 crudelitatis:
615 2963 671 3022 sed
696 2969 850 3039 quaerant
880 2955 1033 3024 salutaria
1063 2961 1200 3022 consilia
1223 2960 1448 3022 addovendam

217 3063 393 3124 Ecclesiam
408 3064 487 3135 liei,
515 3080 597 3140 quae
620 3067 765 3142 prolecto
789 3066 822 3126 in
844 3067 905 3126 hac
925 3066 1033 3127 mundi
1046 3063 1072 3152 ἦ)
1096 3071 1228 3142 senecta
1241 3065 1277 3125 iit
1291 3062 1449 3140 angustior

219 3171 251 3227 et
274 3168 503 3230 aerumnosior.
548 3168 635 3230 Haec
658 3176 861 3240 reverenter,
892 3173 926 3229 ut
952 3171 984 3230 in
1007 3169 1251 3237 ecclesiatici,
1284 3169 1358 3228 sine
1379 3165 1447 3226 ullis

219 3270 355 3347 privatis
387 3271 616 3348 cupiditatibus
654 3273 801 3349 petimus.
828 3296 830 3304 ·
863 3272 930 3332 Non
962 3272 1046 3332 enim
1078 3271 1275 3332 delectamur
1305 3267 1447 3336 dissidio,

217 3389 277 3433 nec
299 3372 482 3458 ignoramus
505 3381 614 3436 nostra
638 3375 782 3452 pericula
806 3381 838 3435 et
863 3381 988 3436 nostras
1013 3391 1197 3436 aerumnas:
1222 3376 1280 3434 sed
1303 3372 1447 3436 assentiri

216 3496 280 3538 uon
299 3481 488 3552 possumus,
512 3485 546 3538 ut
569 3477 736 3555 Evangelii
760 3479 831 3548 lux,
856 3484 888 3538 et
911 3478 1059 3539 doctrine
1081 3478 1267 3538 necessarie
1289 3476 1447 3538 Ecclesiae

217 3581 280 3642 Dei
310 3581 490 3652 aboleatur,
525 3599 584 3643 nec
608 3582 766 3644 societate
790 3581 990 3642 crudelitatis
1014 3582 1161 3658 polluere
1176 3587 1300 3641 mentes
1320 3585 1447 3644 nostras,

220 3689 251 3744 et
273 3683 456 3745 universam
480 3686 704 3761 posteritatem
727 3692 864 3746 nostram
889 3687 1043 3746 volumus.

303 3785 391 3846 Haec
414 3793 463 3848 est
485 3784 615 3866 plaua⁸J
647 3787 776 3848 consilii
800 3788 900 3848 ratio:
934 3805 1024 3864 quiam
1057 3805 1127 3848 cum
1149 3787 1357 3847 iustissimam
1382 3797 1448 3844 esse

219 3897 361 3960 constet,
385 3893 423 3952 ab
448 3907 487 3950 ea
510 3911 573 3951 non
594 3891 822 3952 discedendum
843 3898 907 3962 est,
931 3898 962 3952 et
977 3891 1083 3953 exitus
1097 3893 1167 3952 Deo
1182 3883 1447 3966 commendandi')

219 4029 421 4042 meu-a·

306 4098 332 4161 1)
356 4100 398 4167 se]
420 4101 492 4167 apud
511 4100 643 4152 Seclrend.
666 4101 753 4152 deest.

307 4185 335 4252 2)
362 4193 501 4237 aeternam
520 4185 872 4253 Ecclesiamtsmieuaz
893 4185 1035 4236 ecclesiam
1056 4192 1203 4248 aeternam,

306 4271 334 4336 3)
360 4273 455 4340 etiam]
476 4271 621 4325 Scclrend.:
642 4280 732 4323 autem

307 4358 336 4420 4)
359 4355 420 4424 Dei]
439 4351 587 4410 Seckend.:
610 4359 710 4411 Christi

307 4443 334 4507 b)
359 4443 464 4510 mundi]
486 4446 559 4511 apud
579 4445 714 4497 Secltend.
734 4446 821 4496 deest.

304 4527 333 4592 6)
358 4527 453 4596 plana]
475 4528 544 4596 Opp.
564 4530 640 4584 Mel:
661 4531 741 4597 plena

308 4615 335 4678 7)
363 4615 582 4681 rornmcndaudi]
605 4614 753 4666 Seruauit:
774 4618 961 4668 conmittendi
