<?xml version="1.0" encoding="UTF-8"?>
<!DOCTYPE html PUBLIC "-//W3C//DTD XHTML 1.0 Transitional//EN"
    "http://www.w3.org/TR/xhtml1/DTD/xhtml1-transitional.dtd">
<html xmlns="http://www.w3.org/1999/xhtml" xml:lang="en" lang="en">
 <head>
  <title>
</title>
<meta http-equiv="Content-Type" content="text/html;charset=utf-8" />
  <meta name='ocr-system' content='tesseract 3.04.00' />
  <meta name='ocr-capabilities' content='ocr_page ocr_carea ocr_par ocr_line ocrx_word'/>
</head>
<body>
  <div class='ocr_page' id='page_1' title='image "./philippimelanch01melagoog_0176.png"; bbox 0 0 3084 5208; ppageno 0'>
   <div class='ocr_carea' id='block_1_1' title="bbox 486 345 1334 444">
    <p class='ocr_par' dir='ltr' id='par_1_1' title="bbox 486 345 1334 444">
     <span class='ocr_line' id='line_1_1' title="bbox 486 345 1334 444; baseline 0.007 -34"><span class='ocrx_word' id='word_1_1' title='bbox 486 356 734 444; x_wconf 79' lang='lat' dir='ltr'>surrnsuaurn</span> <span class='ocrx_word' id='word_1_2' title='bbox 750 358 835 410; x_wconf 76' lang='lat' dir='ltr'>sum</span> <span class='ocrx_word' id='word_1_3' title='bbox 860 359 934 412; x_wconf 79' lang='lat' dir='ltr'>tata.</span> <span class='ocrx_word' id='word_1_4' title='bbox 1270 345 1334 419; x_wconf 72' lang='lat' dir='ltr'>lid</span> 
     </span>
    </p>
   </div>
   <div class='ocr_carea' id='block_1_2' title="bbox 70 513 1332 1724">
    <p class='ocr_par' dir='ltr' id='par_1_2' title="bbox 70 513 1332 1724">
     <span class='ocr_line' id='line_1_2' title="bbox 99 513 1330 592; baseline 0.005 -18"><span class='ocrx_word' id='word_1_5' title='bbox 99 515 297 591; x_wconf 86' lang='lat' dir='ltr'>caeterisque</span> <span class='ocrx_word' id='word_1_6' title='bbox 319 515 514 592; x_wconf 84' lang='lat' dir='ltr'>provinciis,</span> <span class='ocrx_word' id='word_1_7' title='bbox 544 529 629 589; x_wconf 88' lang='lat' dir='ltr'>quae</span> <span class='ocrx_word' id='word_1_8' title='bbox 660 513 810 578; x_wconf 72' lang='lat' dir='ltr'>invocant</span> <span class='ocrx_word' id='word_1_9' title='bbox 831 513 952 576; x_wconf 87' lang='lat' dir='ltr'>Nomen</span> <span class='ocrx_word' id='word_1_10' title='bbox 974 515 1104 579; x_wconf 81' lang='lat' dir='ltr'>Domini</span> <span class='ocrx_word' id='word_1_11' title='bbox 1133 518 1234 580; x_wconf 81' lang='lat' dir='ltr'>nostri</span> <span class='ocrx_word' id='word_1_12' title='bbox 1258 518 1330 580; x_wconf 86' lang='lat' dir='ltr'>lesu</span> 
     </span>
     <span class='ocr_line' id='line_1_3' title="bbox 99 615 1330 697; baseline 0.005 -21"><span class='ocrx_word' id='word_1_13' title='bbox 99 615 229 686; x_wconf 85' lang='lat' dir='ltr'>Christi,</span> <span class='ocrx_word' id='word_1_14' title='bbox 260 617 406 680; x_wconf 86' lang='lat' dir='ltr'>delectus</span> <span class='ocrx_word' id='word_1_15' title='bbox 427 619 582 682; x_wconf 86' lang='lat' dir='ltr'>habeatur</span> <span class='ocrx_word' id='word_1_16' title='bbox 605 633 645 677; x_wconf 91' lang='lat' dir='ltr'>cx</span> <span class='ocrx_word' id='word_1_17' title='bbox 669 617 727 687; x_wconf 89' lang='lat' dir='ltr'>iis,</span> <span class='ocrx_word' id='word_1_18' title='bbox 759 616 813 692; x_wconf 88' lang='lat' dir='ltr'>qui</span> <span class='ocrx_word' id='word_1_19' title='bbox 837 631 940 681; x_wconf 88' lang='lat' dir='ltr'>rernm</span> <span class='ocrx_word' id='word_1_20' title='bbox 964 617 1142 682; x_wconf 89' lang='lat' dir='ltr'>divinarum</span> <span class='ocrx_word' id='word_1_21' title='bbox 1170 621 1254 683; x_wconf 86' lang='lat' dir='ltr'>bene</span> <span class='ocrx_word' id='word_1_22' title='bbox 1276 637 1330 697; x_wconf 90' lang='lat' dir='ltr'>pe-</span> 
     </span>
     <span class='ocr_line' id='line_1_4' title="bbox 97 720 1330 799; baseline 0.009 -20"><span class='ocrx_word' id='word_1_23' title='bbox 97 721 146 780; x_wconf 91' lang='lat' dir='ltr'>riti</span> <span class='ocrx_word' id='word_1_24' title='bbox 174 737 268 796; x_wconf 89' lang='lat' dir='ltr'>quum</span> <span class='ocrx_word' id='word_1_25' title='bbox 288 720 449 782; x_wconf 82' lang='lat' dir='ltr'>&#39;minimae</span> <span class='ocrx_word' id='word_1_26' title='bbox 478 720 673 795; x_wconf 82' lang='lat' dir='ltr'>suspicionis</span> <span class='ocrx_word' id='word_1_27' title='bbox 704 727 739 780; x_wconf 92' lang='lat' dir='ltr'>ut</span> <span class='ocrx_word' id='word_1_28' title='bbox 766 720 954 782; x_wconf 84' lang='lat' dir='ltr'>Pontificios</span> <span class='ocrx_word' id='word_1_29' title='bbox 984 723 1184 799; x_wconf 68' lang='lat' dir='ltr'>corruptelae</span> <span class='ocrx_word' id='word_1_30' title='bbox 1216 725 1330 790; x_wconf 81' lang='lat' dir='ltr'>affines</span> 
     </span>
     <span class='ocr_line' id='line_1_5' title="bbox 70 819 1330 906; baseline 0.007 -26"><span class='ocrx_word' id='word_1_31' title='bbox 70 819 162 884; x_wconf 84' lang='lat' dir='ltr'>&#39;sunt</span> <span class='ocrx_word' id='word_1_32' title='bbox 174 821 207 906; x_wconf 88' lang='lat'>¹).</span> <span class='ocrx_word' id='word_1_33' title='bbox 266 822 387 887; x_wconf 88' lang='lat' dir='ltr'>Primus</span> <span class='ocrx_word' id='word_1_34' title='bbox 418 823 563 884; x_wconf 88' lang='lat' dir='ltr'>delectus</span> <span class='ocrx_word' id='word_1_35' title='bbox 600 837 657 897; x_wconf 89' lang='lat' dir='ltr'>per</span> <span class='ocrx_word' id='word_1_36' title='bbox 686 821 842 885; x_wconf 82' lang='lat' dir='ltr'>Civitates</span> <span class='ocrx_word' id='word_1_37' title='bbox 880 829 1009 887; x_wconf 85' lang='lat' dir='ltr'>sanctae</span> <span class='ocrx_word' id='word_1_38' title='bbox 1037 825 1097 886; x_wconf 82' lang='lat' dir='ltr'>Dei</span> <span class='ocrx_word' id='word_1_39' title='bbox 1136 825 1241 902; x_wconf 84' lang='lat' dir='ltr'>plebis</span> <span class='ocrx_word' id='word_1_40' title='bbox 1270 829 1330 894; x_wconf 86' lang='lat' dir='ltr'>sit:</span> 
     </span>
     <span class='ocr_line' id='line_1_6' title="bbox 94 923 1329 1004; baseline 0.005 -18"><span class='ocrx_word' id='word_1_41' title='bbox 94 923 197 995; x_wconf 85' lang='lat' dir='ltr'>Plebs,</span> <span class='ocrx_word' id='word_1_42' title='bbox 223 942 303 1000; x_wconf 89' lang='lat' dir='ltr'>quos</span> <span class='ocrx_word' id='word_1_43' title='bbox 326 925 502 1004; x_wconf 84' lang='lat' dir='ltr'>delegerit,</span> <span class='ocrx_word' id='word_1_44' title='bbox 526 925 648 986; x_wconf 84' lang='lat' dir='ltr'>delerat</span> <span class='ocrx_word' id='word_1_45' title='bbox 671 925 712 986; x_wconf 90' lang='lat' dir='ltr'>ad</span> <span class='ocrx_word' id='word_1_46' title='bbox 735 925 906 1002; x_wconf 85' lang='lat' dir='ltr'>primarios</span> <span class='ocrx_word' id='word_1_47' title='bbox 931 925 1026 988; x_wconf 86' lang='lat' dir='ltr'>viros.</span> <span class='ocrx_word' id='word_1_48' title='bbox 1072 925 1229 997; x_wconf 48' lang='lat' dir='ltr'>Primarii¹</span> <span class='ocrx_word' id='word_1_49' title='bbox 1243 930 1329 992; x_wconf 81' lang='lat' dir='ltr'>vide</span> 
     </span>
     <span class='ocr_line' id='line_1_7' title="bbox 93 1028 1330 1109; baseline 0.006 -22"><span class='ocrx_word' id='word_1_50' title='bbox 93 1035 159 1098; x_wconf 89' lang='lat' dir='ltr'>aut,</span> <span class='ocrx_word' id='word_1_51' title='bbox 184 1029 240 1103; x_wconf 89' lang='lat' dir='ltr'>qui</span> <span class='ocrx_word' id='word_1_52' title='bbox 264 1028 299 1090; x_wconf 87' lang='lat' dir='ltr'>bi</span> <span class='ocrx_word' id='word_1_53' title='bbox 322 1028 405 1098; x_wconf 90' lang='lat' dir='ltr'>sint,</span> <span class='ocrx_word' id='word_1_54' title='bbox 426 1045 506 1104; x_wconf 91' lang='lat' dir='ltr'>quos</span> <span class='ocrx_word' id='word_1_55' title='bbox 529 1028 623 1104; x_wconf 85' lang='lat' dir='ltr'>plebs</span> <span class='ocrx_word' id='word_1_56' title='bbox 647 1029 793 1106; x_wconf 74' lang='lat' dir='ltr'>elegerit„</span> <span class='ocrx_word' id='word_1_57' title='bbox 837 1029 908 1090; x_wconf 91' lang='lat' dir='ltr'>Duo</span> <span class='ocrx_word' id='word_1_58' title='bbox 929 1029 1045 1106; x_wconf 81' lang='lat' dir='ltr'>legati,</span> <span class='ocrx_word' id='word_1_59' title='bbox 1078 1031 1330 1109; x_wconf 78' lang='lat' dir='ltr'>alterplebeius</span> 
     </span>
     <span class='ocr_line' id='line_1_8' title="bbox 94 1131 1331 1209; baseline 0.006 -17"><span class='ocrx_word' id='word_1_60' title='bbox 94 1131 170 1192; x_wconf 90' lang='lat' dir='ltr'>alter</span> <span class='ocrx_word' id='word_1_61' title='bbox 196 1132 368 1208; x_wconf 86' lang='lat' dir='ltr'>patricius,</span> <span class='ocrx_word' id='word_1_62' title='bbox 392 1133 538 1193; x_wconf 87' lang='lat' dir='ltr'>delerant</span> <span class='ocrx_word' id='word_1_63' title='bbox 562 1131 602 1193; x_wconf 89' lang='lat' dir='ltr'>ad</span> <span class='ocrx_word' id='word_1_64' title='bbox 626 1133 794 1194; x_wconf 79' lang='lat' dir='ltr'><strong>Caesarem</strong></span> <span class='ocrx_word' id='word_1_65' title='bbox 819 1138 851 1192; x_wconf 90' lang='lat' dir='ltr'>et</span> <span class='ocrx_word' id='word_1_66' title='bbox 872 1131 977 1209; x_wconf 86' lang='lat' dir='ltr'>Reges</span> <span class='ocrx_word' id='word_1_67' title='bbox 1000 1135 1128 1197; x_wconf 87' lang='lat' dir='ltr'>uomina</span> <span class='ocrx_word' id='word_1_68' title='bbox 1150 1137 1331 1200; x_wconf 87' lang='lat' dir='ltr'>electorum.</span> 
     </span>
     <span class='ocr_line' id='line_1_9' title="bbox 93 1233 1330 1314; baseline 0.007 -20"><span class='ocrx_word' id='word_1_69' title='bbox 93 1233 176 1304; x_wconf 84' lang='lat' dir='ltr'>Quos</span> <span class='ocrx_word' id='word_1_70' title='bbox 200 1252 312 1298; x_wconf 84' lang='lat' dir='ltr'>ornnes</span> <span class='ocrx_word' id='word_1_71' title='bbox 334 1236 391 1298; x_wconf 89' lang='lat' dir='ltr'>nbi</span> <span class='ocrx_word' id='word_1_72' title='bbox 406 1235 572 1312; x_wconf 79' lang='lat' dir='ltr'>Principes</span> <span class='ocrx_word' id='word_1_73' title='bbox 596 1233 749 1299; x_wconf 89' lang='lat' dir='ltr'>iusserint</span> <span class='ocrx_word' id='word_1_74' title='bbox 771 1235 960 1305; x_wconf 85' lang='lat' dir='ltr'>convenire,</span> <span class='ocrx_word' id='word_1_75' title='bbox 985 1251 1041 1298; x_wconf 90' lang='lat' dir='ltr'>sex</span> <span class='ocrx_word' id='word_1_76' title='bbox 1066 1239 1119 1298; x_wconf 92' lang='lat' dir='ltr'>vel</span> <span class='ocrx_word' id='word_1_77' title='bbox 1142 1246 1266 1314; x_wconf 87' lang='lat' dir='ltr'>septem</span> <span class='ocrx_word' id='word_1_78' title='bbox 1291 1257 1330 1303; x_wconf 89' lang='lat' dir='ltr'>ex</span> 
     </span>
     <span class='ocr_line' id='line_1_10' title="bbox 93 1338 1330 1416; baseline 0.006 -18"><span class='ocrx_word' id='word_1_79' title='bbox 93 1338 229 1414; x_wconf 84' lang='lat' dir='ltr'>siugulis</span> <span class='ocrx_word' id='word_1_80' title='bbox 260 1338 575 1416; x_wconf 78' lang='lat' dir='ltr'>provinciisparem</span> <span class='ocrx_word' id='word_1_81' title='bbox 604 1338 732 1401; x_wconf 88' lang='lat' dir='ltr'>omnino</span> <span class='ocrx_word' id='word_1_82' title='bbox 768 1353 931 1400; x_wconf 90' lang='lat' dir='ltr'>numerum</span> <span class='ocrx_word' id='word_1_83' title='bbox 966 1339 1127 1402; x_wconf 89' lang='lat' dir='ltr'>homiuum</span> <span class='ocrx_word' id='word_1_84' title='bbox 1156 1343 1330 1406; x_wconf 81' lang='lat' dir='ltr'>solsatissi-</span> 
     </span>
     <span class='ocr_line' id='line_1_11' title="bbox 92 1437 1332 1518; baseline 0.009 -20"><span class='ocrx_word' id='word_1_85' title='bbox 92 1457 213 1503; x_wconf 90' lang='lat' dir='ltr'>rnorum</span> <span class='ocrx_word' id='word_1_86' title='bbox 237 1446 385 1502; x_wconf 90' lang='lat' dir='ltr'>statuant.</span> <span class='ocrx_word' id='word_1_87' title='bbox 427 1441 573 1502; x_wconf 78' lang='lat' dir='ltr'>Pontifex</span> <span class='ocrx_word' id='word_1_88' title='bbox 596 1439 714 1500; x_wconf 87' lang='lat' dir='ltr'>deinde</span> <span class='ocrx_word' id='word_1_89' title='bbox 736 1444 832 1514; x_wconf 89' lang='lat' dir='ltr'>atque</span> <span class='ocrx_word' id='word_1_90' title='bbox 853 1437 1006 1518; x_wconf 82' lang='lat' dir='ltr'>Episcopi</span> <span class='ocrx_word' id='word_1_91' title='bbox 1030 1457 1068 1502; x_wconf 94' lang='lat' dir='ltr'>ex</span> <span class='ocrx_word' id='word_1_92' title='bbox 1094 1442 1239 1516; x_wconf 82' lang='lat' dir='ltr'>erunibus</span> <span class='ocrx_word' id='word_1_93' title='bbox 1258 1446 1332 1518; x_wconf 85' lang='lat' dir='ltr'>Epi-</span> 
     </span>
     <span class='ocr_line' id='line_1_12' title="bbox 92 1542 1330 1622; baseline 0.008 -20"><span class='ocrx_word' id='word_1_94' title='bbox 92 1542 200 1620; x_wconf 89' lang='lat' dir='ltr'>scopis</span> <span class='ocrx_word' id='word_1_95' title='bbox 224 1543 393 1606; x_wconf 82' lang='lat' dir='ltr'>duodecim</span> <span class='ocrx_word' id='word_1_96' title='bbox 416 1543 595 1622; x_wconf 81' lang='lat' dir='ltr'>Episcopus</span> <span class='ocrx_word' id='word_1_97' title='bbox 618 1544 744 1620; x_wconf 71' lang='lat' dir='ltr'>legunt,</span> <span class='ocrx_word' id='word_1_98' title='bbox 776 1549 939 1618; x_wconf 73' lang='lat' dir='ltr'>spectatae</span> <span class='ocrx_word' id='word_1_99' title='bbox 963 1544 1051 1605; x_wconf 90' lang='lat' dir='ltr'>vitae</span> <span class='ocrx_word' id='word_1_100' title='bbox 1081 1553 1113 1606; x_wconf 88' lang='lat' dir='ltr'>et</span> <span class='ocrx_word' id='word_1_101' title='bbox 1141 1549 1330 1620; x_wconf 71' lang='lat' dir='ltr'>sanctitatis,</span> 
     </span>
     <span class='ocr_line' id='line_1_13' title="bbox 91 1643 1328 1724; baseline 0.005 -16"><span class='ocrx_word' id='word_1_102' title='bbox 91 1647 280 1722; x_wconf 80' lang='lat' dir='ltr'>unimanus</span> <span class='ocrx_word' id='word_1_103' title='bbox 303 1645 467 1723; x_wconf 85' lang='lat' dir='ltr'>irttponant</span> <span class='ocrx_word' id='word_1_104' title='bbox 491 1646 532 1707; x_wconf 93' lang='lat' dir='ltr'>iis</span> <span class='ocrx_word' id='word_1_105' title='bbox 556 1647 649 1710; x_wconf 89' lang='lat' dir='ltr'>lectis</span> <span class='ocrx_word' id='word_1_106' title='bbox 670 1643 770 1714; x_wconf 89' lang='lat' dir='ltr'>viris,</span> <span class='ocrx_word' id='word_1_107' title='bbox 794 1653 949 1721; x_wconf 78' lang='lat' dir='ltr'>orentque</span> <span class='ocrx_word' id='word_1_108' title='bbox 973 1665 1069 1724; x_wconf 88' lang='lat' dir='ltr'>super</span> <span class='ocrx_word' id='word_1_109' title='bbox 1092 1665 1165 1720; x_wconf 90' lang='lat' dir='ltr'>eos,</span> <span class='ocrx_word' id='word_1_110' title='bbox 1195 1658 1229 1712; x_wconf 89' lang='lat' dir='ltr'>ut</span> <span class='ocrx_word' id='word_1_111' title='bbox 1248 1654 1328 1718; x_wconf 83' lang='lat' dir='ltr'>acci-</span> 
     </span>
    </p>
   </div>
   <div class='ocr_carea' id='block_1_3' title="bbox 4 1851 1340 4302">
    <p class='ocr_par' dir='ltr' id='par_1_3' title="bbox 4 1851 1340 4302">
     <span class='ocr_line' id='line_1_14' title="bbox 90 1851 1330 1936; baseline 0.006 -25"><span class='ocrx_word' id='word_1_112' title='bbox 90 1851 230 1914; x_wconf 89' lang='lat' dir='ltr'>omnium</span> <span class='ocrx_word' id='word_1_113' title='bbox 252 1853 490 1914; x_wconf 87' lang='lat' dir='ltr'>contentionum</span> <span class='ocrx_word' id='word_1_114' title='bbox 514 1857 689 1914; x_wconf 81' lang='lat' dir='ltr'>statuantur</span> <span class='ocrx_word' id='word_1_115' title='bbox 711 1869 730 1912; x_wconf 94' lang='lat' dir='ltr'>a</span> <span class='ocrx_word' id='word_1_116' title='bbox 752 1852 922 1922; x_wconf 78' lang='lat' dir='ltr'>Pontifice,</span> <span class='ocrx_word' id='word_1_117' title='bbox 946 1854 986 1914; x_wconf 87' lang='lat' dir='ltr'>ab</span> <span class='ocrx_word' id='word_1_118' title='bbox 1009 1853 1200 1936; x_wconf 70' lang='lat' dir='ltr'>Episcopum,</span> <span class='ocrx_word' id='word_1_119' title='bbox 1220 1859 1330 1920; x_wconf 84' lang='lat' dir='ltr'>aCae-</span> 
     </span>
     <span class='ocr_line' id='line_1_15' title="bbox 90 1955 1327 2032; baseline 0.006 -16"><span class='ocrx_word' id='word_1_120' title='bbox 90 1971 179 2026; x_wconf 88' lang='lat' dir='ltr'>sare,</span> <span class='ocrx_word' id='word_1_121' title='bbox 202 1955 396 2032; x_wconf 81' lang='lat' dir='ltr'>allegibus,</span> <span class='ocrx_word' id='word_1_122' title='bbox 421 1955 667 2031; x_wconf 88' lang='lat' dir='ltr'>Principibusve</span> <span class='ocrx_word' id='word_1_123' title='bbox 681 1955 867 2018; x_wconf 82' lang='lat' dir='ltr'>Civitaluru:</span> <span class='ocrx_word' id='word_1_124' title='bbox 892 1957 947 2030; x_wconf 88' lang='lat' dir='ltr'>qui</span> <span class='ocrx_word' id='word_1_125' title='bbox 970 1960 1170 2022; x_wconf 85' lang='lat' dir='ltr'>subscribant</span> <span class='ocrx_word' id='word_1_126' title='bbox 1193 1977 1230 2025; x_wconf 88' lang='lat' dir='ltr'>ac</span> <span class='ocrx_word' id='word_1_127' title='bbox 1248 1963 1327 2023; x_wconf 87' lang='lat' dir='ltr'>reci·</span> 
     </span>
     <span class='ocr_line' id='line_1_16' title="bbox 90 2056 1328 2135; baseline 0.006 -19"><span class='ocrx_word' id='word_1_128' title='bbox 90 2058 195 2134; x_wconf 87' lang='lat' dir='ltr'>piant,</span> <span class='ocrx_word' id='word_1_129' title='bbox 228 2072 320 2127; x_wconf 89' lang='lat' dir='ltr'>sese,</span> <span class='ocrx_word' id='word_1_130' title='bbox 356 2056 512 2133; x_wconf 89' lang='lat' dir='ltr'>quidquid</span> <span class='ocrx_word' id='word_1_131' title='bbox 542 2057 567 2120; x_wconf 92' lang='lat' dir='ltr'>ii</span> <span class='ocrx_word' id='word_1_132' title='bbox 597 2056 824 2126; x_wconf 89' lang='lat' dir='ltr'>iudicaverint,</span> <span class='ocrx_word' id='word_1_133' title='bbox 864 2059 1049 2129; x_wconf 77' lang='lat' dir='ltr'>statuerint,</span> <span class='ocrx_word' id='word_1_134' title='bbox 1086 2060 1328 2135; x_wconf 80' lang='lat' dir='ltr'>declaraverint,</span> 
     </span>
     <span class='ocr_line' id='line_1_17' title="bbox 89 2158 1328 2242; baseline 0.006 -22"><span class='ocrx_word' id='word_1_135' title='bbox 89 2158 273 2222; x_wconf 87' lang='lat' dir='ltr'>firmissime</span> <span class='ocrx_word' id='word_1_136' title='bbox 295 2177 400 2236; x_wconf 91' lang='lat' dir='ltr'>aeque</span> <span class='ocrx_word' id='word_1_137' title='bbox 422 2177 533 2224; x_wconf 86' lang='lat' dir='ltr'>ontrrcs</span> <span class='ocrx_word' id='word_1_138' title='bbox 556 2165 763 2236; x_wconf 88' lang='lat' dir='ltr'>accepturos,</span> <span class='ocrx_word' id='word_1_139' title='bbox 788 2166 1033 2237; x_wconf 75' lang='lat' dir='ltr'>cernimusque,</span> <span class='ocrx_word' id='word_1_140' title='bbox 1065 2171 1100 2224; x_wconf 93' lang='lat' dir='ltr'>ut</span> <span class='ocrx_word' id='word_1_141' title='bbox 1123 2183 1180 2242; x_wconf 87' lang='lat' dir='ltr'>pro</span> <span class='ocrx_word' id='word_1_142' title='bbox 1204 2165 1328 2226; x_wconf 89' lang='lat' dir='ltr'>indubi-</span> 
     </span>
     <span class='ocr_line' id='line_1_18' title="bbox 89 2262 1329 2346; baseline 0.007 -25"><span class='ocrx_word' id='word_1_143' title='bbox 89 2263 165 2323; x_wconf 87' lang='lat' dir='ltr'>tatis</span> <span class='ocrx_word' id='word_1_144' title='bbox 190 2265 375 2326; x_wconf 75' lang='lat' dir='ltr'>habeantur.</span> <span class='ocrx_word' id='word_1_145' title='bbox 418 2263 491 2326; x_wconf 86' lang='lat' dir='ltr'>Mox</span> <span class='ocrx_word' id='word_1_146' title='bbox 513 2264 643 2326; x_wconf 89' lang='lat' dir='ltr'>decreto</span> <span class='ocrx_word' id='word_1_147' title='bbox 667 2262 865 2340; x_wconf 89' lang='lat' dir='ltr'>amplissimo</span> <span class='ocrx_word' id='word_1_148' title='bbox 889 2263 990 2334; x_wconf 86' lang='lat' dir='ltr'>facto,</span> <span class='ocrx_word' id='word_1_149' title='bbox 1016 2262 1094 2346; x_wconf 90' lang='lat' dir='ltr'>(quo</span> <span class='ocrx_word' id='word_1_150' title='bbox 1109 2275 1260 2330; x_wconf 89' lang='lat' dir='ltr'>caveatur</span> <span class='ocrx_word' id='word_1_151' title='bbox 1276 2268 1329 2341; x_wconf 92' lang='lat' dir='ltr'>iis,</span> 
     </span>
     <span class='ocr_line' id='line_1_19' title="bbox 90 2365 1330 2448; baseline 0.006 -22"><span class='ocrx_word' id='word_1_152' title='bbox 90 2366 146 2442; x_wconf 90' lang='lat' dir='ltr'>qui</span> <span class='ocrx_word' id='word_1_153' title='bbox 167 2365 208 2428; x_wconf 88' lang='lat' dir='ltr'>ad</span> <span class='ocrx_word' id='word_1_154' title='bbox 233 2367 415 2430; x_wconf 87' lang='lat' dir='ltr'>Conventus</span> <span class='ocrx_word' id='word_1_155' title='bbox 438 2367 654 2444; x_wconf 80' lang='lat' dir='ltr'>peragendos,</span> <span class='ocrx_word' id='word_1_156' title='bbox 685 2373 739 2428; x_wconf 88' lang='lat' dir='ltr'>ant</span> <span class='ocrx_word' id='word_1_157' title='bbox 768 2366 998 2436; x_wconf 87' lang='lat' dir='ltr'>addicendum</span> <span class='ocrx_word' id='word_1_158' title='bbox 1021 2371 1184 2442; x_wconf 89' lang='lat' dir='ltr'>venerint,</span> <span class='ocrx_word' id='word_1_159' title='bbox 1217 2373 1330 2448; x_wconf 85' lang='lat' dir='ltr'>quiqui</span> 
     </span>
     <span class='ocr_line' id='line_1_20' title="bbox 90 2461 1329 2552; baseline 0.005 -23"><span class='ocrx_word' id='word_1_160' title='bbox 90 2468 187 2552; x_wconf 72' lang='lat' dir='ltr'>sunt)</span> <span class='ocrx_word' id='word_1_161' title='bbox 210 2469 386 2539; x_wconf 82' lang='lat' dir='ltr'>Pontificis,</span> <span class='ocrx_word' id='word_1_162' title='bbox 409 2470 650 2546; x_wconf 87' lang='lat' dir='ltr'>Episcoporum,</span> <span class='ocrx_word' id='word_1_163' title='bbox 674 2469 833 2539; x_wconf 83' lang='lat' dir='ltr'>Caesarie,</span> <span class='ocrx_word' id='word_1_164' title='bbox 858 2461 978 2547; x_wconf 80' lang='lat' dir='ltr'>Regum</span> <span class='ocrx_word' id='word_1_165' title='bbox 991 2471 1236 2550; x_wconf 85' lang='lat' dir='ltr'>Principumque</span> <span class='ocrx_word' id='word_1_166' title='bbox 1251 2475 1329 2538; x_wconf 88' lang='lat' dir='ltr'>civi-</span> 
     </span>
     <span class='ocr_line' id='line_1_21' title="bbox 89 2571 1328 2654; baseline 0.008 -23"><span class='ocrx_word' id='word_1_167' title='bbox 89 2579 186 2635; x_wconf 83' lang='lat' dir='ltr'>tatum</span> <span class='ocrx_word' id='word_1_168' title='bbox 210 2571 340 2634; x_wconf 87' lang='lat' dir='ltr'>omnine</span> <span class='ocrx_word' id='word_1_169' title='bbox 369 2574 523 2648; x_wconf 87' lang='lat' dir='ltr'>iussuque</span> <span class='ocrx_word' id='word_1_170' title='bbox 548 2575 786 2650; x_wconf 82' lang='lat' dir='ltr'>pronuntietur,</span> <span class='ocrx_word' id='word_1_171' title='bbox 810 2580 860 2647; x_wconf 87' lang='lat' dir='ltr'>ut,</span> <span class='ocrx_word' id='word_1_172' title='bbox 885 2571 1035 2648; x_wconf 89' lang='lat' dir='ltr'>quoniam</span> <span class='ocrx_word' id='word_1_173' title='bbox 1058 2576 1090 2636; x_wconf 89' lang='lat' dir='ltr'>iu</span> <span class='ocrx_word' id='word_1_174' title='bbox 1114 2575 1228 2640; x_wconf 88' lang='lat' dir='ltr'>Sancta</span> <span class='ocrx_word' id='word_1_175' title='bbox 1250 2577 1328 2654; x_wconf 81' lang='lat' dir='ltr'>Syn-</span> 
     </span>
     <span class='ocr_line' id='line_1_22' title="bbox 90 2674 1327 2756; baseline 0.006 -22"><span class='ocrx_word' id='word_1_176' title='bbox 90 2675 151 2736; x_wconf 89' lang='lat' dir='ltr'>odo</span> <span class='ocrx_word' id='word_1_177' title='bbox 181 2676 284 2738; x_wconf 92' lang='lat' dir='ltr'>libere</span> <span class='ocrx_word' id='word_1_178' title='bbox 315 2675 470 2754; x_wconf 77' lang='lat' dir='ltr'>agendum</span> <span class='ocrx_word' id='word_1_179' title='bbox 500 2683 566 2746; x_wconf 88' lang='lat' dir='ltr'>est,</span> <span class='ocrx_word' id='word_1_180' title='bbox 601 2677 779 2738; x_wconf 87' lang='lat' dir='ltr'>consultum</span> <span class='ocrx_word' id='word_1_181' title='bbox 802 2674 861 2745; x_wconf 91' lang='lat' dir='ltr'>sit,</span> <span class='ocrx_word' id='word_1_182' title='bbox 888 2683 919 2738; x_wconf 88' lang='lat' dir='ltr'>ut</span> <span class='ocrx_word' id='word_1_183' title='bbox 947 2674 1047 2740; x_wconf 86' lang='lat' dir='ltr'>libere</span> <span class='ocrx_word' id='word_1_184' title='bbox 1069 2679 1223 2756; x_wconf 87' lang='lat' dir='ltr'>quisque,</span> <span class='ocrx_word' id='word_1_185' title='bbox 1257 2682 1327 2742; x_wconf 92' lang='lat' dir='ltr'>sine</span> 
     </span>
     <span class='ocr_line' id='line_1_23' title="bbox 88 2775 1328 2862; baseline 0.006 -25"><span class='ocrx_word' id='word_1_186' title='bbox 88 2785 189 2848; x_wconf 90' lang='lat' dir='ltr'>meto,</span> <span class='ocrx_word' id='word_1_187' title='bbox 214 2775 287 2838; x_wconf 89' lang='lat' dir='ltr'>sine</span> <span class='ocrx_word' id='word_1_188' title='bbox 310 2778 454 2854; x_wconf 90' lang='lat' dir='ltr'>periculo</span> <span class='ocrx_word' id='word_1_189' title='bbox 479 2775 583 2854; x_wconf 85' lang='lat' dir='ltr'>possit</span> <span class='ocrx_word' id='word_1_190' title='bbox 612 2776 733 2839; x_wconf 84' lang='lat' dir='ltr'>dicere.</span> <span class='ocrx_word' id='word_1_191' title='bbox 762 2783 796 2837; x_wconf 89' lang='lat' dir='ltr'>et</span> <span class='ocrx_word' id='word_1_192' title='bbox 824 2784 857 2837; x_wconf 90' lang='lat' dir='ltr'>ut</span> <span class='ocrx_word' id='word_1_193' title='bbox 887 2777 1039 2852; x_wconf 86' lang='lat' dir='ltr'>promissi</span> <span class='ocrx_word' id='word_1_194' title='bbox 1062 2781 1224 2853; x_wconf 78' lang='lat' dir='ltr'>Pontifex,</span> <span class='ocrx_word' id='word_1_195' title='bbox 1253 2782 1328 2862; x_wconf 86' lang='lat' dir='ltr'>Epi-</span> 
     </span>
     <span class='ocr_line' id='line_1_24' title="bbox 90 2879 1329 2960; baseline 0.003 -16"><span class='ocrx_word' id='word_1_196' title='bbox 90 2879 198 2958; x_wconf 86' lang='lat' dir='ltr'>scopi,</span> <span class='ocrx_word' id='word_1_197' title='bbox 228 2882 349 2942; x_wconf 87' lang='lat' dir='ltr'>Cacsar</span> <span class='ocrx_word' id='word_1_198' title='bbox 372 2887 404 2945; x_wconf 89' lang='lat' dir='ltr'>et</span> <span class='ocrx_word' id='word_1_199' title='bbox 426 2881 532 2957; x_wconf 83' lang='lat' dir='ltr'>Reges</span> <span class='ocrx_word' id='word_1_200' title='bbox 556 2879 786 2956; x_wconf 83' lang='lat' dir='ltr'>Principesqua</span> <span class='ocrx_word' id='word_1_201' title='bbox 812 2879 974 2944; x_wconf 90' lang='lat' dir='ltr'>civitatum</span> <span class='ocrx_word' id='word_1_202' title='bbox 999 2900 1035 2943; x_wconf 91' lang='lat' dir='ltr'>se</span> <span class='ocrx_word' id='word_1_203' title='bbox 1059 2903 1231 2960; x_wconf 88' lang='lat' dir='ltr'>sponsores</span> <span class='ocrx_word' id='word_1_204' title='bbox 1254 2887 1329 2952; x_wconf 92' lang='lat' dir='ltr'>dent</span> 
     </span>
     <span class='ocr_line' id='line_1_25' title="bbox 4 2979 1328 3069; baseline 0.009 -27"><span class='ocrx_word' id='word_1_205' title='bbox 4 2979 7 2992; x_wconf 95' lang='lat'>&#39;</span> <span class='ocrx_word' id='word_1_206' title='bbox 89 2986 323 3058; x_wconf 87' lang='lat' dir='ltr'>exsolvantque</span> <span class='ocrx_word' id='word_1_207' title='bbox 352 2981 479 3062; x_wconf 83' lang='lat' dir='ltr'>legibus</span> <span class='ocrx_word' id='word_1_208' title='bbox 511 2982 674 3052; x_wconf 91' lang='lat' dir='ltr'>omnibus,</span> <span class='ocrx_word' id='word_1_209' title='bbox 712 2980 845 3054; x_wconf 90' lang='lat' dir='ltr'>edictis,</span> <span class='ocrx_word' id='word_1_210' title='bbox 877 2989 1182 3061; x_wconf 86' lang='lat' dir='ltr'>senatusconsultis,</span> <span class='ocrx_word' id='word_1_211' title='bbox 1212 2992 1328 3069; x_wconf 84' lang='lat' dir='ltr'>poeuis</span> 
     </span>
     <span class='ocr_line' id='line_1_26' title="bbox 90 3085 1328 3171; baseline 0.006 -25"><span class='ocrx_word' id='word_1_212' title='bbox 90 3095 118 3147; x_wconf 92' lang='lat' dir='ltr'>et</span> <span class='ocrx_word' id='word_1_213' title='bbox 140 3086 305 3155; x_wconf 85' lang='lat' dir='ltr'>censuris,</span> <span class='ocrx_word' id='word_1_214' title='bbox 328 3101 454 3156; x_wconf 87' lang='lat' dir='ltr'>omnes,</span> <span class='ocrx_word' id='word_1_215' title='bbox 477 3085 533 3162; x_wconf 79' lang='lat' dir='ltr'>qui</span> <span class='ocrx_word' id='word_1_216' title='bbox 557 3094 610 3148; x_wconf 90' lang='lat' dir='ltr'>aut</span> <span class='ocrx_word' id='word_1_217' title='bbox 633 3085 790 3156; x_wconf 83' lang='lat' dir='ltr'>dixerint,</span> <span class='ocrx_word' id='word_1_218' title='bbox 814 3094 869 3148; x_wconf 90' lang='lat' dir='ltr'>aut</span> <span class='ocrx_word' id='word_1_219' title='bbox 892 3087 1044 3165; x_wconf 88' lang='lat' dir='ltr'>scriptum</span> <span class='ocrx_word' id='word_1_220' title='bbox 1066 3090 1221 3154; x_wconf 85' lang='lat' dir='ltr'>dederint</span> <span class='ocrx_word' id='word_1_221' title='bbox 1245 3095 1328 3171; x_wconf 91' lang='lat' dir='ltr'>apud</span> 
     </span>
     <span class='ocr_line' id='line_1_27' title="bbox 89 3187 1327 3267; baseline 0.003 -17"><span class='ocrx_word' id='word_1_222' title='bbox 89 3190 186 3252; x_wconf 88' lang='lat' dir='ltr'>hosce</span> <span class='ocrx_word' id='word_1_223' title='bbox 210 3190 312 3248; x_wconf 88' lang='lat' dir='ltr'>lectos</span> <span class='ocrx_word' id='word_1_224' title='bbox 338 3188 440 3257; x_wconf 90' lang='lat' dir='ltr'>viros,</span> <span class='ocrx_word' id='word_1_225' title='bbox 464 3187 519 3264; x_wconf 90' lang='lat' dir='ltr'>qui</span> <span class='ocrx_word' id='word_1_226' title='bbox 543 3187 574 3248; x_wconf 93' lang='lat' dir='ltr'>in</span> <span class='ocrx_word' id='word_1_227' title='bbox 600 3191 669 3250; x_wconf 90' lang='lat' dir='ltr'>loco</span> <span class='ocrx_word' id='word_1_228' title='bbox 695 3187 806 3267; x_wconf 78' lang='lat' dir='ltr'>quid²t</span> <span class='ocrx_word' id='word_1_229' title='bbox 828 3191 983 3266; x_wconf 83' lang='lat' dir='ltr'>agendum</span> <span class='ocrx_word' id='word_1_230' title='bbox 1008 3200 1119 3267; x_wconf 87' lang='lat' dir='ltr'>parato</span> <span class='ocrx_word' id='word_1_231' title='bbox 1139 3194 1327 3256; x_wconf 87' lang='lat' dir='ltr'>cumPouti-</span> 
     </span>
     <span class='ocr_line' id='line_1_28' title="bbox 88 3289 1326 3374; baseline 0.005 -22"><span class='ocrx_word' id='word_1_232' title='bbox 88 3293 162 3363; x_wconf 81' lang='lat' dir='ltr'>doe,</span> <span class='ocrx_word' id='word_1_233' title='bbox 184 3289 379 3368; x_wconf 82' lang='lat' dir='ltr'>Episcopis,</span> <span class='ocrx_word' id='word_1_234' title='bbox 403 3292 540 3357; x_wconf 80' lang='lat' dir='ltr'>Caesare</span> <span class='ocrx_word' id='word_1_235' title='bbox 564 3297 596 3352; x_wconf 89' lang='lat' dir='ltr'>et</span> <span class='ocrx_word' id='word_1_236' title='bbox 620 3290 761 3369; x_wconf 80' lang='lat' dir='ltr'>Regibus</span> <span class='ocrx_word' id='word_1_237' title='bbox 781 3290 1045 3374; x_wconf 81' lang='lat' dir='ltr'>Principibusque</span> <span class='ocrx_word' id='word_1_238' title='bbox 1069 3291 1228 3373; x_wconf 86' lang='lat' dir='ltr'>legatisve</span> <span class='ocrx_word' id='word_1_239' title='bbox 1244 3297 1326 3358; x_wconf 82' lang='lat' dir='ltr'>Civi-</span> 
     </span>
     <span class='ocr_line' id='line_1_29' title="bbox 89 3392 1326 3476; baseline 0.009 -22"><span class='ocrx_word' id='word_1_240' title='bbox 89 3402 183 3458; x_wconf 88' lang='lat' dir='ltr'>tatum</span> <span class='ocrx_word' id='word_1_241' title='bbox 214 3393 366 3464; x_wconf 85' lang='lat' dir='ltr'>sedeant,</span> <span class='ocrx_word' id='word_1_242' title='bbox 394 3392 595 3476; x_wconf 81' lang='lat' dir='ltr'>audituros³)</span> <span class='ocrx_word' id='word_1_243' title='bbox 625 3393 808 3466; x_wconf 86' lang='lat' dir='ltr'>orationes,</span> <span class='ocrx_word' id='word_1_244' title='bbox 844 3396 873 3456; x_wconf 89' lang='lat' dir='ltr'>si</span> <span class='ocrx_word' id='word_1_245' title='bbox 903 3412 984 3471; x_wconf 86' lang='lat' dir='ltr'>quae</span> <span class='ocrx_word' id='word_1_246' title='bbox 1014 3399 1227 3471; x_wconf 81' lang='lat' dir='ltr'>habebuntur,</span> <span class='ocrx_word' id='word_1_247' title='bbox 1262 3407 1326 3465; x_wconf 89' lang='lat' dir='ltr'>tam</span> 
     </span>
     <span class='ocr_line' id='line_1_30' title="bbox 90 3496 1327 3575; baseline 0.007 -19"><span class='ocrx_word' id='word_1_248' title='bbox 90 3496 194 3560; x_wconf 89' lang='lat' dir='ltr'>barum</span> <span class='ocrx_word' id='word_1_249' title='bbox 221 3514 315 3573; x_wconf 88' lang='lat' dir='ltr'>quarn</span> <span class='ocrx_word' id='word_1_250' title='bbox 338 3498 461 3558; x_wconf 88' lang='lat' dir='ltr'>illarum</span> <span class='ocrx_word' id='word_1_251' title='bbox 486 3498 638 3574; x_wconf 90' lang='lat' dir='ltr'>partium:</span> <span class='ocrx_word' id='word_1_252' title='bbox 673 3515 752 3573; x_wconf 88' lang='lat' dir='ltr'>quas</span> <span class='ocrx_word' id='word_1_253' title='bbox 775 3505 891 3575; x_wconf 88' lang='lat' dir='ltr'>postea</span> <span class='ocrx_word' id='word_1_254' title='bbox 912 3500 1041 3563; x_wconf 83' lang='lat' dir='ltr'>iubeant</span> <span class='ocrx_word' id='word_1_255' title='bbox 1070 3499 1133 3565; x_wconf 85' lang='lat' dir='ltr'>sibi</span> <span class='ocrx_word' id='word_1_256' title='bbox 1156 3501 1224 3566; x_wconf 87' lang='lat' dir='ltr'>dori</span> <span class='ocrx_word' id='word_1_257' title='bbox 1248 3504 1327 3569; x_wconf 86' lang='lat' dir='ltr'>scri-</span> 
     </span>
     <span class='ocr_line' id='line_1_31' title="bbox 92 3598 1340 3681; baseline 0.01 -19"><span class='ocrx_word' id='word_1_258' title='bbox 92 3607 172 3676; x_wconf 79' lang='lat' dir='ltr'>ptas3</span> <span class='ocrx_word' id='word_1_259' title='bbox 204 3598 309 3678; x_wconf 88' lang='lat' dir='ltr'>primo</span> <span class='ocrx_word' id='word_1_260' title='bbox 338 3601 410 3662; x_wconf 86' lang='lat' dir='ltr'>loco</span> <span class='ocrx_word' id='word_1_261' title='bbox 440 3600 548 3664; x_wconf 89' lang='lat' dir='ltr'>dicant</span> <span class='ocrx_word' id='word_1_262' title='bbox 576 3603 626 3662; x_wconf 85' lang='lat' dir='ltr'>vel</span> <span class='ocrx_word' id='word_1_263' title='bbox 659 3608 860 3677; x_wconf 86' lang='lat' dir='ltr'>promotores</span> <span class='ocrx_word' id='word_1_264' title='bbox 883 3602 1036 3674; x_wconf 83' lang='lat' dir='ltr'>concilii,</span> <span class='ocrx_word' id='word_1_265' title='bbox 1068 3605 1122 3666; x_wconf 90' lang='lat' dir='ltr'>vel</span> <span class='ocrx_word' id='word_1_266' title='bbox 1144 3605 1340 3681; x_wconf 71' lang='lat' dir='ltr'>quiveluti,</span> 
     </span>
     <span class='ocr_line' id='line_1_32' title="bbox 90 3703 1337 3784; baseline 0.009 -22"><span class='ocrx_word' id='word_1_267' title='bbox 90 3710 291 3766; x_wconf 82' lang='lat' dir='ltr'>accusatores</span> <span class='ocrx_word' id='word_1_268' title='bbox 310 3721 456 3767; x_wconf 86' lang='lat' dir='ltr'>caussam</span> <span class='ocrx_word' id='word_1_269' title='bbox 477 3703 716 3770; x_wconf 86' lang='lat' dir='ltr'>controversiae</span> <span class='ocrx_word' id='word_1_270' title='bbox 731 3712 884 3776; x_wconf 84' lang='lat' dir='ltr'>statvmnt,</span> <span class='ocrx_word' id='word_1_271' title='bbox 910 3708 963 3768; x_wconf 92' lang='lat' dir='ltr'>vel</span> <span class='ocrx_word' id='word_1_272' title='bbox 977 3707 1153 3784; x_wconf 86' lang='lat' dir='ltr'>petitiones</span> <span class='ocrx_word' id='word_1_273' title='bbox 1168 3709 1337 3781; x_wconf 76' lang='lat' dir='ltr'>adserant2.</span> 
     </span>
     <span class='ocr_line' id='line_1_33' title="bbox 90 3805 1326 3889; baseline 0.011 -26"><span class='ocrx_word' id='word_1_274' title='bbox 90 3807 228 3868; x_wconf 90' lang='lat' dir='ltr'>secundo</span> <span class='ocrx_word' id='word_1_275' title='bbox 257 3805 434 3868; x_wconf 81' lang='lat' dir='ltr'>adversarii</span> <span class='ocrx_word' id='word_1_276' title='bbox 464 3808 689 3884; x_wconf 87' lang='lat' dir='ltr'>respondeant.</span> <span class='ocrx_word' id='word_1_277' title='bbox 744 3809 857 3872; x_wconf 83' lang='lat' dir='ltr'>Eorum</span> <span class='ocrx_word' id='word_1_278' title='bbox 889 3810 1068 3874; x_wconf 86' lang='lat' dir='ltr'>actionibus</span> <span class='ocrx_word' id='word_1_279' title='bbox 1097 3813 1260 3889; x_wconf 77' lang='lat' dir='ltr'>acceptis,</span> <span class='ocrx_word' id='word_1_280' title='bbox 1296 3815 1326 3877; x_wconf 92' lang='lat' dir='ltr'>si</span> 
     </span>
     <span class='ocr_line' id='line_1_34' title="bbox 91 3907 1327 3990; baseline 0.007 -22"><span class='ocrx_word' id='word_1_281' title='bbox 91 3923 169 3982; x_wconf 85' lang='lat' dir='ltr'>quae</span> <span class='ocrx_word' id='word_1_282' title='bbox 193 3909 386 3987; x_wconf 86' lang='lat' dir='ltr'>disputanda</span> <span class='ocrx_word' id='word_1_283' title='bbox 408 3907 615 3981; x_wconf 87' lang='lat' dir='ltr'>videbuntur,</span> <span class='ocrx_word' id='word_1_284' title='bbox 646 3912 730 3990; x_wconf 87' lang='lat' dir='ltr'>apud</span> <span class='ocrx_word' id='word_1_285' title='bbox 760 3913 819 3972; x_wconf 91' lang='lat' dir='ltr'>hos</span> <span class='ocrx_word' id='word_1_286' title='bbox 850 3911 963 3976; x_wconf 88' lang='lat' dir='ltr'>itidem</span> <span class='ocrx_word' id='word_1_287' title='bbox 993 3913 1206 3990; x_wconf 83' lang='lat' dir='ltr'>disputentur.</span> <span class='ocrx_word' id='word_1_288' title='bbox 1252 3915 1327 3981; x_wconf 86' lang='lat' dir='ltr'>Post</span> 
     </span>
     <span class='ocr_line' id='line_1_35' title="bbox 91 4010 1326 4096; baseline 0.012 -26"><span class='ocrx_word' id='word_1_289' title='bbox 91 4010 268 4076; x_wconf 88' lang='lat' dir='ltr'>condictum</span> <span class='ocrx_word' id='word_1_290' title='bbox 299 4027 427 4090; x_wconf 84' lang='lat' dir='ltr'>sempor</span> <span class='ocrx_word' id='word_1_291' title='bbox 458 4013 556 4076; x_wconf 82' lang='lat' dir='ltr'>scribi</span> <span class='ocrx_word' id='word_1_292' title='bbox 585 4021 696 4092; x_wconf 85' lang='lat' dir='ltr'>petant</span> <span class='ocrx_word' id='word_1_293' title='bbox 733 4033 805 4078; x_wconf 91' lang='lat' dir='ltr'>cum</span> <span class='ocrx_word' id='word_1_294' title='bbox 839 4013 1025 4094; x_wconf 76' lang='lat' dir='ltr'>argumenta</span> <span class='ocrx_word' id='word_1_295' title='bbox 1061 4024 1129 4081; x_wconf 86' lang='lat' dir='ltr'>turn</span> <span class='ocrx_word' id='word_1_296' title='bbox 1164 4034 1326 4096; x_wconf 71' lang='lat' dir='ltr'>responae-</span> 
     </span>
     <span class='ocr_line' id='line_1_36' title="bbox 91 4112 1325 4200; baseline 0.014 -25"><span class='ocrx_word' id='word_1_297' title='bbox 91 4112 173 4183; x_wconf 79' lang='lat' dir='ltr'>Quae</span> <span class='ocrx_word' id='word_1_298' title='bbox 191 4113 304 4180; x_wconf 87' lang='lat' dir='ltr'>omnia</span> <span class='ocrx_word' id='word_1_299' title='bbox 325 4116 381 4178; x_wconf 89' lang='lat' dir='ltr'>ubi</span> <span class='ocrx_word' id='word_1_300' title='bbox 405 4115 576 4180; x_wconf 87' lang='lat' dir='ltr'>lectissimi</span> <span class='ocrx_word' id='word_1_301' title='bbox 600 4117 861 4196; x_wconf 81' lang='lat' dir='ltr'>sanctissimique</span> <span class='ocrx_word' id='word_1_302' title='bbox 888 4119 948 4181; x_wconf 91' lang='lat' dir='ltr'>viri</span> <span class='ocrx_word' id='word_1_303' title='bbox 971 4118 1111 4182; x_wconf 87' lang='lat' dir='ltr'>viderint</span> <span class='ocrx_word' id='word_1_304' title='bbox 1127 4129 1161 4182; x_wconf 90' lang='lat' dir='ltr'>et</span> <span class='ocrx_word' id='word_1_305' title='bbox 1177 4123 1325 4200; x_wconf 77' lang='lat' dir='ltr'>tegerint,</span> 
     </span>
     <span class='ocr_line' id='line_1_37' title="bbox 93 4217 1325 4302; baseline 0.011 -27"><span class='ocrx_word' id='word_1_306' title='bbox 93 4223 123 4277; x_wconf 91' lang='lat' dir='ltr'>et</span> <span class='ocrx_word' id='word_1_307' title='bbox 141 4237 203 4280; x_wconf 90' lang='lat' dir='ltr'>non</span> <span class='ocrx_word' id='word_1_308' title='bbox 226 4218 329 4285; x_wconf 87' lang='lat' dir='ltr'>modo</span> <span class='ocrx_word' id='word_1_309' title='bbox 342 4217 463 4290; x_wconf 74' lang='lat' dir='ltr'>accolis,</span> <span class='ocrx_word' id='word_1_310' title='bbox 486 4221 545 4282; x_wconf 86' lang='lat' dir='ltr'>sed</span> <span class='ocrx_word' id='word_1_311' title='bbox 567 4219 675 4284; x_wconf 89' lang='lat' dir='ltr'>auimo</span> <span class='ocrx_word' id='word_1_312' title='bbox 698 4239 828 4299; x_wconf 87' lang='lat' dir='ltr'>quoque</span> <span class='ocrx_word' id='word_1_313' title='bbox 850 4221 1115 4300; x_wconf 84' lang='lat' dir='ltr'>perlustraverint</span> <span class='ocrx_word' id='word_1_314' title='bbox 1139 4231 1236 4300; x_wconf 87' lang='lat' dir='ltr'>atque</span> <span class='ocrx_word' id='word_1_315' title='bbox 1255 4241 1325 4302; x_wconf 84' lang='lat' dir='ltr'>par·</span> 
     </span>
    </p>
   </div>
   <div class='ocr_carea' id='block_1_4' title="bbox 94 4335 297 4353">
    <p class='ocr_par' dir='ltr' id='par_1_4' title="bbox 94 4335 297 4353">
     <span class='ocr_line' id='line_1_38' title="bbox 94 4335 297 4353; baseline 0.005 -1"><span class='ocrx_word' id='word_1_316' title='bbox 94 4335 297 4353; x_wconf 47' lang='lat' dir='ltr'>“unu-uuu-</span> 
     </span>
    </p>
   </div>
   <div class='ocr_carea' id='block_1_5' title="bbox 94 4389 1328 4714">
    <p class='ocr_par' dir='ltr' id='par_1_5' title="bbox 94 4389 1328 4548">
     <span class='ocr_line' id='line_1_39' title="bbox 173 4389 1328 4464; baseline 0.006 -22"><span class='ocrx_word' id='word_1_317' title='bbox 173 4389 203 4456; x_wconf 90' lang='lat' dir='ltr'>l)</span> <span class='ocrx_word' id='word_1_318' title='bbox 227 4405 307 4455; x_wconf 84' lang='lat' dir='ltr'>quarn</span> <span class='ocrx_word' id='word_1_319' title='bbox 326 4391 455 4442; x_wconf 88' lang='lat' dir='ltr'>minimae</span> <span class='ocrx_word' id='word_1_320' title='bbox 477 4417 508 4430; x_wconf 56' lang='grc' dir='ltr'>-α</span> <span class='ocrx_word' id='word_1_321' title='bbox 527 4391 623 4444; x_wconf 79' lang='lat' dir='ltr'>affines</span> <span class='ocrx_word' id='word_1_322' title='bbox 641 4391 727 4460; x_wconf 75' lang='lat' dir='ltr'>sunt]</span> <span class='ocrx_word' id='word_1_323' title='bbox 761 4392 956 4445; x_wconf 76' lang='lat' dir='ltr'>schelhornius</span> <span class='ocrx_word' id='word_1_324' title='bbox 974 4394 1079 4446; x_wconf 87' lang='lat' dir='ltr'>iudicat</span> <span class='ocrx_word' id='word_1_325' title='bbox 1101 4411 1151 4463; x_wconf 88' lang='lat' dir='ltr'>pro</span> <span class='ocrx_word' id='word_1_326' title='bbox 1171 4395 1214 4448; x_wconf 88' lang='lat' dir='ltr'>his</span> <span class='ocrx_word' id='word_1_327' title='bbox 1236 4395 1328 4464; x_wconf 79' lang='lat' dir='ltr'>legeu-</span> 
     </span>
     <span class='ocr_line' id='line_1_40' title="bbox 94 4473 1286 4548; baseline 0.009 -26"><span class='ocrx_word' id='word_1_328' title='bbox 94 4473 152 4524; x_wconf 89' lang='lat' dir='ltr'>dum</span> <span class='ocrx_word' id='word_1_329' title='bbox 172 4489 248 4528; x_wconf 86' lang='lat' dir='ltr'>esse:</span> <span class='ocrx_word' id='word_1_330' title='bbox 271 4491 350 4540; x_wconf 87' lang='lat' dir='ltr'>qnam</span> <span class='ocrx_word' id='word_1_331' title='bbox 369 4476 480 4528; x_wconf 86' lang='lat' dir='ltr'>minime</span> <span class='ocrx_word' id='word_1_332' title='bbox 500 4479 668 4546; x_wconf 85' lang='lat' dir='ltr'>suspicionis</span> <span class='ocrx_word' id='word_1_333' title='bbox 688 4484 715 4529; x_wconf 87' lang='lat' dir='ltr'>et</span> <span class='ocrx_word' id='word_1_334' title='bbox 733 4478 891 4548; x_wconf 81' lang='lat' dir='ltr'>pontificiae</span> <span class='ocrx_word' id='word_1_335' title='bbox 913 4479 1084 4547; x_wconf 87' lang='lat' dir='ltr'>corruptelae</span> <span class='ocrx_word' id='word_1_336' title='bbox 1105 4477 1201 4532; x_wconf 79' lang='lat' dir='ltr'>afflues</span> <span class='ocrx_word' id='word_1_337' title='bbox 1221 4483 1286 4541; x_wconf 83' lang='lat' dir='ltr'>siut,</span> 
     </span>
    </p>

    <p class='ocr_par' dir='ltr' id='par_1_6' title="bbox 174 4559 682 4630">
     <span class='ocr_line' id='line_1_41' title="bbox 174 4559 682 4630; baseline 0.008 -18"><span class='ocrx_word' id='word_1_338' title='bbox 174 4559 202 4627; x_wconf 78' lang='lat'>2)</span> <span class='ocrx_word' id='word_1_339' title='bbox 227 4561 306 4630; x_wconf 85' lang='lat' dir='ltr'>qnid]</span> <span class='ocrx_word' id='word_1_340' title='bbox 325 4577 375 4630; x_wconf 81' lang='lat' dir='ltr'>pro</span> <span class='ocrx_word' id='word_1_341' title='bbox 394 4563 446 4614; x_wconf 84' lang='lat' dir='ltr'>hac</span> <span class='ocrx_word' id='word_1_342' title='bbox 463 4577 530 4616; x_wconf 76' lang='lat' dir='ltr'>noos</span> <span class='ocrx_word' id='word_1_343' title='bbox 548 4563 627 4630; x_wconf 78' lang='lat' dir='ltr'>lege:</span> <span class='ocrx_word' id='word_1_344' title='bbox 647 4564 682 4616; x_wconf 84' lang='lat' dir='ltr'>ad</span> 
     </span>
    </p>

    <p class='ocr_par' dir='ltr' id='par_1_7' title="bbox 176 4647 759 4714">
     <span class='ocr_line' id='line_1_42' title="bbox 176 4647 759 4714; baseline 0.005 -14"><span class='ocrx_word' id='word_1_345' title='bbox 176 4647 206 4714; x_wconf 80' lang='grc'>3)</span> <span class='ocrx_word' id='word_1_346' title='bbox 230 4647 385 4714; x_wconf 87' lang='lat' dir='ltr'>audituros]</span> <span class='ocrx_word' id='word_1_347' title='bbox 405 4663 455 4714; x_wconf 87' lang='lat' dir='ltr'>pro</span> <span class='ocrx_word' id='word_1_348' title='bbox 475 4665 506 4700; x_wconf 90' lang='lat' dir='ltr'>eo</span> <span class='ocrx_word' id='word_1_349' title='bbox 526 4649 601 4714; x_wconf 78' lang='lat' dir='ltr'>lege:</span> <span class='ocrx_word' id='word_1_350' title='bbox 629 4651 759 4703; x_wconf 79' lang='lat' dir='ltr'>audituri</span> 
     </span>
    </p>
   </div>
   <div class='ocr_carea' id='block_1_6' title="bbox 0 0 1546 5208">
    <p class='ocr_par' dir='ltr' id='par_1_8' title="bbox 0 0 1546 5208">
     <span class='ocr_line' id='line_1_43' title="bbox 0 0 1546 5208; baseline 0 1"><span class='ocrx_word' id='word_1_351' title='bbox 0 0 1546 5208; x_wconf 95' lang='lat' dir='ltr'> </span> 
     </span>
    </p>
   </div>
  </div>
 </body>
</html>
