3084 5208
476 315 722 372 surrtuuunra
743 315 826 368 nuru
847 316 921 370 ruta.
1276 295 1321 366 80

95 482 245 542 Publioum
269 478 474 540 Sacerdotum
499 481 531 536 et
554 473 730 554 spirituale
755 471 979 535 sacerdotium.
1031 472 1070 533 Et
1092 477 1216 537 constat
1239 471 1321 534 meis

95 584 192 644 literis
211 582 378 660 praeclare
401 579 506 642 ornari
522 575 733 639 Ministcrium
750 574 926 638 Ecclesiae.
960 577 1071 652 ltaque
1091 582 1178 636 recte
1191 575 1319 645 leceris,

96 687 168 762 quod
192 702 239 748 mc
264 702 418 753 excusae,
442 683 475 742 id
498 681 652 758 scriptum
674 699 736 742 uon
761 696 834 742 esse
858 695 973 742 meum.
1015 680 1082 758 Ego
1107 680 1192 742 enirn
1215 693 1320 754 neque

96 789 199 866 scripsi
222 803 327 863 neque
350 787 467 864 probo,
496 785 631 846 Decrevi
662 785 760 844 etiam
791 798 841 843 me
872 781 1002 860 publico
1027 783 1147 858 scripto
1171 796 1319 859 purgare.

94 894 171 952 Bane
193 892 270 953 vale.
316 887 474 951 Postridie
495 888 570 948 Divi
595 887 734 964 Georgii.

98 1169 156 1228 118.
189 1170 240 1225 Nc.
258 1162 368 1226 lltttt
414 1167 488 1241 (vot.
504 1165 543 1222 Π.
566 1184 593 1238 p.
610 1161 693 1234 656.)
1192 1160 1219 1218 4.
1242 1161 1320 1218 Jutii.

187 1250 358 1282 m
1190 1243 1321 1276 Μ,

407 1336 609 1410 Monoclria
634 1331 984 1407 Hervordienaibua.

153 1473 221 1523 llaec
246 1473 365 1541 epistole
387 1472 504 1538 primum
537 1470 611 1521 odite
635 1475 678 1520 est
703 1483 718 1518 a
744 1467 775 1516 a.
795 1465 956 1519 Baxmanno
981 1469 1009 1518 iu
1034 1467 1162 1521 Niedneri
1186 1468 1320 1537 Epheme·

184 1559 303 1611 ridibus:
322 1554 462 1625 Britfdtttit
475 1555 515 1621 litt
530 1557 569 1610 ore
586 1549 719 1621 bissutlfdte
732 1549 869 1622 uteorum
888 1554 954 1604 anni
966 1553 1041 1606 tect.
1060 1553 1127 1608 iaec.
1139 1554 1186 1606 lV.
1201 1555 1248 1607 No.
1260 1555 1321 1610 vlt.

185 1641 323 1712 ,imreiiitg
355 1640 409 1708 accit
438 1641 502 1706 uicti
529 1637 649 1712 proruta
672 1634 758 1702 {triete
787 1635 910 1704 tollere,
945 1635 1114 1704 wolantinus
1145 1641 1193 1694 ortt
1227 1639 1322 1708 einiger

184 1729 385 1800 {tetigettofiertu
404 1747 431 1798 p.
446 1730 505 1782 621.
528 1729 608 1794 epist.
619 1728 665 1778 Vl.
759 1781 762 1794 λ
1026 1743 1029 1750 ·
1282 1754 1285 1758 .

111 1850 276 1935 Philippus
306 1846 544 1914 Metoaclttlon
574 1853 642 1928 piis
672 1857 705 1905 et
733 1840 981 1908 venerabilibus
1010 1851 1095 1908 vc'rr’a
1119 1844 1299 1925 fratribus

194 1951 338 2033 collegat
351 1951 512 2031 fratrum
541 1963 578 2012 at
600 1960 718 2012 uocarat
739 1945 955 2011 Horcordice
983 1955 1051 2010 suia
1074 1956 1201 2013 amicte.

166 2074 195 2135 S.
218 2077 253 2137 D.
278 2075 418 2135 Luthero
442 2090 524 2132 nunc
549 2089 611 2131 non
634 2074 768 2131 vacabat
791 2070 949 2140 scribere,
982 2073 1191 2148 respondebit
1214 2077 1320 2132 tamen

96 2177 179 2247 alias,
214 2195 251 2239 ac
281 2174 362 2238 milri
390 2175 567 2243 mandavit,
602 2181 637 2233 ut
666 2175 759 2235 vobis
797 2174 1014 2250 significarem
1050 2175 1113 2235 sibi
1145 2175 1319 2251 displicere

97 2278 355 2357 importunitatem
378 2280 530 2346 istorum,
555 2277 610 2352 qui
634 2278 726 2338 vobis
750 2284 814 2338 tam
836 2277 959 2337 duriter
974 2278 1192 2340 adversantur.
1229 2277 1318 2348 Quod

97 2390 136 2442 est
157 2384 214 2444 lroc
237 2400 355 2443 novum
378 2381 492 2458 dogma
516 2379 661 2442 omnibus
687 2379 880 2440 interdicere
903 2377 1155 2442 continentiam?
1201 2381 1317 2442 Paulus

95 2493 192 2561 aperte
212 2486 258 2548 cit
280 2485 397 2546 melius
422 2501 495 2546 esse
526 2502 589 2546 non
611 2485 749 2552 nubere,
781 2483 906 2558 siquis
937 2485 1102 2546 continere
1132 2485 1253 2562 possit,
1286 2491 1319 2545 et

96 2588 169 2650 addit
192 2607 339 2659 causam,
369 2596 405 2648 ut
429 2586 613 2665 expeditius
644 2586 769 2648 servire
799 2587 924 2664 possint
949 2588 1106 2648 ecclesiis.
1154 2587 1264 2664 ltaque
1288 2595 1319 2648 et

95 2690 155 2766 ipse
175 2693 332 2752 Lutherus
357 2709 418 2750 non
444 2691 512 2750 vult
535 2689 686 2751 interdici
710 2690 938 2751 continentiam
962 2691 1124 2760 omnibus,
1158 2709 1219 2752 non
1250 2691 1318 2750 vult

84 2799 184 2855 tamen
206 2797 292 2856 votis
315 2801 370 2856 aut
394 2793 476 2854 votis
489 2790 511 2870 ¹)
534 2807 668 2854 onerare
695 2798 818 2854 vestros
843 2793 1097 2864 commilitones,
1122 2799 1175 2855 aut
1196 2793 1318 2870 alioqui

95 2894 131 2956 ita
150 2896 299 2974 alligare,
323 2903 357 2956 ut
381 2912 417 2956 se
440 2913 502 2957 non
527 2895 649 2972 possint
676 2895 843 2958 commode
866 2896 1032 2974 explicare
1056 2912 1095 2957 ex
1119 2897 1181 2957 isto
1199 2911 1319 2974 genere

97 2998 173 3060 vitae.
216 2998 360 3077 Optarim
383 3000 464 3060 istos
488 2999 544 3074 qui
569 2999 733 3059 vobiscum
756 3000 816 3059 hac
839 2999 880 3060 de
905 3016 939 3060 re
963 3000 1107 3076 litigant,
1132 3017 1203 3060 curn
1217 3000 1318 3060 velint

96 3101 246 3174 perhiberi
269 3101 409 3164 studiosi
432 3100 619 3178 Evangelii,
644 3118 715 3162 cum
739 3103 770 3161 in
795 3100 872 3162 aliis
895 3103 1008 3173 rebus,
1037 3110 1103 3164 tum
1126 3104 1157 3162 in
1181 3105 1242 3163 troc
1265 3119 1318 3163 ne-

96 3204 170 3278 gotio
200 3221 276 3284 erga
306 3206 421 3266 fratres
452 3219 605 3264 exercere
631 3205 814 3280 plusculum
837 3205 1020 3280 aequitatis,
1071 3207 1163 3268 Certe
1187 3205 1318 3266 dilectio

98 3311 122 3363 ot
152 3309 293 3384 aequitas
330 3307 369 3368 ad
406 3307 605 3367 Ch1·istianos
642 3307 739 3368 ctiam
774 3306 945 3383 pertinent.
997 3309 1085 3368 Bene
1116 3308 1229 3368 valete.
1266 3307 1319 3368 dic

97 3405 156 3476 iulii
178 3413 205 3470 l.
228 3428 310 3470 anuo
337 3410 427 3470 1533.
466 3458 491 3490 ,κ

597 3527 801 3540 uun-*—

101 3649 155 3708 tlt.
187 3647 366 3710 Noliw.
414 3646 489 3731 (vol.
508 3653 546 3708 Π.
569 3673 595 3726 p.
614 3651 702 3727 696.)
1150 3656 1185 3726 (a.
1214 3649 1317 3733 1533.)

184 3735 354 3764 Μ
1143 3737 1314 3766 Μ

549 3813 602 3879 lo.
639 3810 811 3880 ltittercl.

155 3941 222 3992 liano
247 3941 409 4010 epistolam,
435 3956 514 4006 quam
539 3941 658 3993 nendum
680 3941 752 4006 vidi,
786 3939 817 3992 0.
837 3943 870 3993 A.
889 3939 987 3993 Schola
1011 3941 1165 4010 Lipsiensis
1188 3945 1216 3996 in
1243 3951 1318 3996 auto·

185 4028 350 4095 graphornm
369 4027 461 4080 Iudice
474 4027 521 4080 Vl.
542 4043 570 4094 p.
585 4027 625 4082 13.
645 4043 686 4080 ur.
699 4028 758 4080 291.
778 4028 930 4093 iterumque
944 4028 1016 4082 Vlll.
1034 4047 1061 4098 p.
1075 4034 1101 4084 8.
1121 4045 1162 4082 nr.
1177 4031 1219 4086 dd.
1239 4047 1320 4086 vena-

185 4114 235 4164 lem
251 4114 290 4166 stc
312 4115 404 4170 offert:
442 4111 599 4183 „aeonae
616 4111 691 4177 tirtel
715 4122 765 4168 too
784 4107 962 4182 litetoo'rtttorr
988 4126 1019 4167 aa
1038 4112 1070 4178 3.
1091 4113 1198 4186 tttttriet
1216 4119 1318 4172 1533st

189 4199 261 4252 Aliae
281 4201 352 4251 duan
373 4201 496 4253 ciusdem
518 4201 552 4252 ad
572 4201 687 4254 cundem
706 4201 856 4270 epistolae,
877 4202 974 4266 quibus
994 4217 1080 4254 annus
1094 4219 1147 4255 uon
1162 4207 1318 4274 adscriptus

188 4294 240 4351 est,
259 4289 390 4352 leguntur
409 4287 435 4336 in
456 4287 536 4355 Corp.
555 4288 614 4339 Rei.
637 4288 697 4340 Vol.
712 4287 746 4340 X.
766 4288 798 4340 38
813 4305 853 4352 η.
873 4287 922 4338 Νο.
936 4289 1004 4340 tutu
1023 4296 1050 4340 ct
1068 4291 1146 4342 7027.

468 4459 910 4474 m

106 4535 284 4556 Ἣ-

176 4625 197 4689 Ι)
223 4639 266 4681 aut
284 4630 369 4696 votis]
389 4630 457 4682 hoco
475 4633 574 4695 verba,
594 4648 662 4696 quac
682 4633 697 4682 l.
711 4633 727 4683 l.
748 4634 891 4699 leguntur,
911 4632 1027 4684 dolenda
1046 4649 1107 4685 csso
1124 4635 1260 4686 videatur.
1354 4619 1359 4624 ⁵
