3084 5208
480 317 724 370 suranuuauva
744 315 827 368 aaut
848 316 924 370 icat.
1279 294 1324 366 91

98 479 203 548 motio,
226 477 277 538 cui
302 492 394 552 quam
416 477 571 538 vellemus
595 474 638 532 Te
661 472 778 535 adesse
794 505 835 518 -··
852 470 1057 547 Sclmepfima
1078 469 1173 532 nosti.
1225 468 1325 532 Adest

98 582 142 643 illi
168 582 333 644 Blaurerus
368 583 476 658 (quem
505 578 608 639 virum
646 576 715 638 scio
748 577 793 636 'le
829 577 1032 651 probaturum
1062 572 1116 636 ubi
1147 569 1323 656 cognoris).

97 687 202 749 Verum
221 693 255 744 ut
279 682 425 752 videtur,
449 682 533 743 sicut
555 682 688 742 Bibulus
712 681 824 740 aderat
838 679 970 755 Collega
986 677 1124 739 Caesari.
1159 677 1197 738 lit
1217 685 1325 738 tamen

97 785 302 865 praesentiam
326 786 446 848 Gltristi
477 785 509 846 in
536 787 644 846 Coena
675 783 725 845 illi
755 783 806 844 bis
837 781 919 859 ipsis
943 780 1051 844 verbis
1073 782 1241 842 confessus
1265 786 1324 851 est,

98 907 170 966 quoe
192 890 258 966 ipsi
281 890 374 953 nobis
401 887 659 966 praescripsistis
675 886 845 964 liarpurgi.
884 886 1008 946 Adesse
1030 883 1183 946 videlicet
1199 885 1323 961 ¹Corpus

97 1002 124 1054 et
133 993 323 1071 Sanguinem
335 992 476 1062 Domini,
494 1001 527 1052 et
546 991 695 1054 exbiberi
710 991 742 1052 in
759 993 865 1052 tloena
884 988 1140 1050 substantialiter
1161 995 1193 1051 at
1217 1004 1324 1049 essen-

96 1098 215 1167 tialiter,
238 1115 300 1158 noa
321 1103 426 1158 autem
444 1095 669 1171 quantitative,
689 1094 880 1170 qualitativa
900 1099 932 1152 et
947 1091 1100 1154 localiter.
1120 1090 1198 1151 *Nos
1213 1093 1324 1152 malle-

95 1220 155 1261 mus
172 1199 273 1261 Verba
296 1198 518 1260 Confessionis
534 1207 662 1260 vestrae
681 1217 743 1259 uati
764 1199 848 1274 quod
867 1215 929 1257 non
949 1197 1056 1274 ipsum
1071 1194 1229 1256 Christum
1247 1209 1325 1260 vere

95 1323 126 1364 ac
147 1302 267 1372 solide,
291 1309 390 1377 atque
402 1303 495 1368 adeo
520 1302 778 1364 substantialiter
802 1309 833 1361 et
853 1298 1072 1360 essentialiter
1086 1299 1220 1368 adesse,
1243 1298 1325 1359 dari-

96 1423 149 1481 que
170 1425 231 1468 una
255 1407 479 1475 confiteamur,
510 1406 567 1467 sed
587 1407 683 1482 ¹quod
707 1414 872 1482 praestare
895 1410 1061 1481 putemus,
1092 1401 1242 1477 utrinque
1266 1421 1324 1463 nos

93 1509 135 1570 uti
165 1508 275 1570 Verbis
307 1507 511 1586 Scripturas,
544 1511 595 1568 vel
628 1509 687 1579 iis,
727 1525 808 1585 aquae
840 1515 870 1568 et
895 1508 994 1584 Vulgo
1027 1512 1145 1580 queant
1174 1504 1323 1582 intelligi.

95 1613 172 1682 Quae
205 1611 301 1672 etiam
333 1610 430 1671 citius
462 1610 537 1672 aliis¹
569 1611 844 1688 persuadebimus.
897 1609 960 1670 Sed
991 1609 1047 1678 da,
1079 1607 1215 1668 Domine
1238 1609 1324 1678 lesu,

95 1723 123 1774 nt
140 1715 283 1790 colloqui
306 1713 457 1790 copiose,
487 1701 578 1775 cuius
601 1731 693 1791 spem
718 1714 816 1785 facis,
848 1715 887 1774 de
912 1713 955 1774 iis
980 1711 1125 1773 omnibus
1149 1711 1262 1788 liceat,
1294 1719 1325 1772 ct

95 1816 182 1877 brevi.
234 1815 316 1888 Quia
340 1832 444 1876 serum
469 1815 653 1886 videbatur,
682 1817 861 1882 rescribere
890 1832 947 1896 per
977 1815 1185 1884 Mercatores,
1215 1815 1325 1879 curavi

96 1923 144 1982 bas
166 1920 276 1982 literas
300 1919 372 1980 Tibi
395 1936 453 1998 per·
477 1919 604 1982 Scribas
628 1921 814 1998 lantgravii
840 1901 1049 1999 praesentari.
1088 1918 1217 1998 Optime
1240 1921 1323 1989 vale,

98 2032 124 2083 et
144 2024 324 2084 commenda
349 2039 397 2082 me
421 2024 456 2088 D.
481 2023 628 2094 Ductori,
662 2032 695 2085 et
725 2024 862 2100 reliquis
893 2022 1082 2100 Symmpstis
1114 2021 1239 2083 vestris.
1291 2021 1325 2082 ld

99 2124 225 2210 optatu)
239 2126 342 2189 nostri
356 2143 476 2191 omnes.
500 2127 654 2198 Bedrotus
668 2145 750 2190 nuuc
762 2131 864 2202 abest,
879 2126 1003 2202 alioqui
1016 2124 1210 2206 scripsisset.
1234 2124 1324 2197 adiit

98 2230 229 2292 solvendi
253 2230 354 2294 atrimi
377 2249 492 2294 caussa
516 2231 712 2308 Grynaeum,
737 2248 832 2308 quem
856 2231 979 2294 utinam
1002 2230 1154 2307 Princeps
1179 2229 1323 2290 Wirtem-

98 2332 252 2410 bergensis
298 2351 376 2396 suae
411 2332 563 2394 adhibeat
598 2334 803 2396 Academiae.
870 2334 951 2396 Vale
993 2348 1086 2408 qrtam
1121 2328 1323 2392 felicissime.

95 2434 288 2514 argentorati
310 2437 351 2496 Vl
374 2437 503 2501 Calend.
527 2437 685 2514 Septemb.
711 2440 801 2504 1534.

891 2523 922 2580 l.
947 2521 1099 2584 Martinus
1128 2522 1278 2588 Bnccrus.

98 2678 156 2737 121.
189 2661 242 2737 aa.
261 2677 370 2738 iatri
418 2675 548 2760 (vau.
571 2701 599 2753 p.
616 2674 701 2758 aar.)
1184 2675 1322 2792 resep.

187 2763 358 2790 Μ

548 2806 666 2872 Mart.
701 2805 859 2874 Baoero.

154 2918 192 2968 Ex
211 2919 371 2986 apographo
394 2917 516 2970 eiusdem
537 2918 707 2970 collectionis
726 2917 766 2982 (S.
782 2917 850 2970 Mac.
871 2915 935 2981 36.)

112 3033 303 3101 Rectissime
330 3035 362 3100 V
361 3045 412 3100 iro
436 3035 485 3099 M.
508 3035 641 3100 Bueero
671 3037 807 3100 docenti
825 3035 1051 3118 Evangelntm
1073 3037 1303 3122 Argentinae,

605 3163 663 3205 erlo
686 3149 802 3204 amieo.

169 3261 197 3322 S.
220 3263 256 3324 D.
294 3260 398 3323 Hodie
430 3280 500 3323 cum
523 3264 662 3324 liuthero
693 3263 872 3324 collocutus
904 3282 973 3324 sum
1003 3264 1042 3323 de
1071 3263 1215 3328 Formula
1245 3265 1323 3324 Gon-

98 3365 229 3436 cordiae,
254 3368 380 3446 de‘qua
403 3365 486 3427 inter
509 3385 567 3426 vos
593 3365 753 3428 convenit.
799 3366 996 3443 Respondit,
1022 3383 1057 3427 se
1083 3383 1153 3429 eam
1176 3370 1322 3445 probare,

98 3467 216 3529 addens:
243 3469 330 3530 Nilril
356 3468 441 3530 enim
465 3469 668 3530 dissimulato
694 3469 779 3548 apud
809 3469 961 3544 amictum
995 3471 1088 3531 modo
1112 3478 1146 3534 ut
1168 3473 1230 3532 hoc
1253 3489 1323 3535 seb-

98 3568 151 3629 lial.
199 3573 311 3648 ltaque
353 3571 498 3633 dedimus
539 3571 711 3636 consilium
748 3573 895 3652 Snepfio,
933 3579 967 3632 ut
1004 3571 1046 3634 sit
1083 3581 1247 3636 contentus
1287 3591 1324 3644 ea

100 3673 217 3736 turmula
247 3674 439 3737 concordiae
469 3694 506 3736 ac
539 3675 716 3747 sententia,
753 3677 793 3737 de
823 3695 886 3752 qua
915 3695 984 3737 cum
1013 3677 1151 3740 luthero
1175 3679 1220 3737 'lu
1251 3697 1322 3740 con-

99 3775 209 3844 venisti.
257 3781 302 3840 no
334 3774 522 3855 scripsimus
554 3779 639 3842 idem
662 3779 804 3857 Principi
828 3779 1009 3843 Hessorum.
1065 3779 1131 3856 Ego
1156 3781 1184 3842 si
1209 3797 1323 3858 queam

100 3895 155 3938 ntea
178 3887 276 3942 morte
309 3881 468 3942 redimere
498 3883 717 3952 concordiam,
755 3883 894 3944 libenter
926 3883 1121 3947 effunderem
1151 3885 1232 3945 hanc
1255 3883 1322 3947 aui-

100 3999 181 4055 nam3
213 3983 270 4043 sed
300 3982 417 4064 vides,
441 4003 523 4059 (ptrue
554 3987 723 4049 multorum
754 3984 817 4046 sint
849 3985 989 4064 ingenia.
1049 3986 1098 4044 lle
1128 4003 1220 4047 nemo
1251 4004 1321 4067 per·
1346 3997 1350 4006 ’

102 4085 183 4155 pellet
202 4104 339 4162 unquam
362 4083 528 4170 μάχεσθαι
553 4083 634 4170 ipio.
676 4087 911 4167 landgravium
935 4091 1078 4150 licitatus
1103 4108 1190 4160 sirm,
1215 4095 1249 4150 ut
1269 4091 1322 4150 det

101 4203 229 4260 operam,
260 4197 295 4250 ut
319 4191 515 4268 suscipiatur
546 4193 710 4272 negotium
739 4191 907 4254 faciendae
939 4192 1146 4254 concordiae:
1183 4195 1320 4255 fortasse

102 4286 205 4363 aliquid
237 4292 351 4352 confici
381 4294 501 4370 poterit
539 4299 632 4356 rebus
666 4294 814 4374 agitatis,
853 4311 1032 4382 qtrauquaan
1067 4295 1172 4356 aditus
1204 4304 1253 4357 est
1283 4295 1320 4356 ad

103 4393 284 4454 concordiam
308 4413 369 4455 non
393 4399 612 4472 aspernandus
642 4415 701 4458 nee
724 4397 869 4458 difficilis
894 4399 959 4458 'lua
991 4397 1192 4460 Ambrosium
1203 4399 1227 4478 ²)
1258 4419 1320 4460 nou

172 4527 198 4589 l)
223 4535 321 4596 optant
339 4530 389 4597 t?)]
409 4532 436 4582 iu
457 4533 616 4600 apographo
636 4535 753 4599 legitqt;
780 4540 859 4595 ocant

172 4615 197 4678 2)
226 4615 294 4666 Nota
314 4615 435 4667 Simleri:
465 4617 644 4674 Blaurerum„
