3072 5208
448 402 695 456 succisurum
714 403 797 454 num
822 405 896 456 raes.
1228 387 1294 459 81⁹

12 603 14 652 7
75 559 118 618 rat
138 553 240 630 diram
262 561 399 640 castalia
423 563 471 624 otte
493 561 544 638 pit
571 561 673 639 reglau
696 561 747 624 aab
769 560 901 633 tamarae,
934 561 1041 628 fficium
1066 563 1230 642 militantem
1253 579 1295 624 aa

75 659 184 740 inlatos
208 661 288 722 tels
323 702 332 714 .

564 748 600 812 d.
623 748 669 812 rt.
899 808 904 827 .

739 835 849 913 mittigat

796 935 897 1002 Dicaea
958 934 962 940 '

869 1041 1035 1118 philippus
1059 1042 1249 1104 Melanthon.

73 1271 131 1329 281.
164 1276 215 1331 No.
230 1273 356 1334 31Ί6ἱ·
389 1275 465 1357 (Vol.
483 1281 519 1339 V.
542 1299 570 1354 p.
590 1276 675 1358 734.)
845 1331 847 1336 .
1144 1282 1191 1340 lt.
1204 1283 1292 1356 April.

166 1359 334 1386 Μ
1165 1365 1291 1399 ΚΜ

511 1436 646 1504 loanni
681 1435 843 1510 colono.

129 1562 197 1612 llaac
225 1563 371 1630 epistolem
395 1563 615 1618 Melanchtlrcnis
646 1581 681 1616 ex
705 1565 869 1618 Simleriana
894 1561 1059 1620 Collectlooe
1090 1569 1129 1634 (S.
1149 1567 1216 1621 lise.
1235 1567 1293 1634 56.)

159 1649 223 1702 mihi
243 1649 453 1702 describendam
473 1649 511 1704 Gl.
533 1651 565 1700 V.
590 1655 769 1718 Vespettaas
783 1655 907 1720 benigne
927 1655 1042 1707 curavit.
1060 1681 1095 1694 -
1112 1653 1151 1704 De
1166 1655 1220 1718 die,
1240 1671 1292 1718 quo

161 1734 225 1786 haec
245 1735 363 1802 epistola
382 1737 486 1804 scripta
506 1743 556 1798 est,
576 1735 706 1789 simlerus
722 1739 822 1790 haecce
838 1740 993 1791 adnotavit:
1013 1779 1030 1804 „
1039 1739 1131 1804 Diem,
1151 1757 1203 1805 quo
1216 1740 1291 1792 Noah

161 1822 258 1872 Arcem
278 1828 320 1875 est
338 1823 481 1888 ingressus
500 1823 611 1887 quidam
630 1825 657 1876 d.
678 1823 756 1874 livit
776 1823 902 1876 Octobris
921 1841 982 1878 esse
1002 1825 1109 1888 volunt,
1131 1827 1293 1880 Ambrosius

158 1924 220 1958 vero
246 1909 274 1960 d.
302 1907 387 1958 xvll.
406 1909 510 1975 Aprilis
537 1910 686 1978 intelligit2
713 1911 791 1962 cuiue
821 1912 975 1964 sententiae
1002 1913 1157 1966 Melanthon
1187 1929 1292 1978 quoque

159 1995 288 2045 accedere
313 1996 375 2046 heic
399 1995 537 2050 ridetur.“
585 1995 640 2047 Hoc
664 1995 770 2047 Simleri
802 1997 934 2049 iudicium
968 2000 1142 2052 confirmatur
1170 2005 1293 2050 extrema

160 2089 238 2148 parte
253 2081 411 2150 ‚‚,iudioii“
435 2079 653 2135 Melanchthonis
673 2083 769 2135 eodem
789 2084 832 2134 die.
851 2085 964 2152 scripti,
994 2086 1065 2149 quod
1083 2086 1111 2136 in
1131 2084 1211 2154 Gorp.
1230 2085 1291 2136 lter.

162 2167 219 2218 Vol.
241 2167 276 2218 V.
304 2184 332 2235 p.
344 2168 500 2223 rso-739.
527 2168 687 2232 exhibetur,
715 2170 761 2220 nbi
781 2187 809 2237 p.
820 2169 880 2222 739.
900 2170 970 2220 hsec
989 2171 1130 2235 leguntnrt
1157 2171 1231 2236 „Die
1247 2173 1293 2225 -17,

161 2253 278 2320 Aprilis,
305 2270 356 2317 quo
382 2253 459 2306 Nohe
484 2262 548 2306 ante
573 2269 660 2308 annos
684 2255 753 2308 3846
779 2271 870 2306 arcam
895 2258 1038 2321 ingressus
1063 2257 1136 2310 est.“
1161 2285 1196 2296 -·
1221 2259 1294 2310 llaec

163 2340 280 2408 epistole
304 2341 422 2408 primum
448 2341 522 2390 edito
542 2347 584 2392 est
603 2354 619 2390 a
636 2340 717 2392 Paulo
738 2340 828 2406 Henry
852 2342 879 2392 ia
905 2341 986 2394 libro:
1013 2337 1070 2394 Des
1089 2339 1167 2396 ichen
1186 2337 1293 2406 Sebeda

161 2423 341 2492 dalciosff'ces
371 2421 462 2492 praiaco
488 2421 673 2486 morosissime.
704 2421 799 2479 diali.
831 2424 970 2496 (camburg
993 2427 1066 2478 1838.
1093 2426 1151 2492 8⁰.)
1174 2423 1294 2494 delicato

159 2514 297 2581 p.10'lsq.
324 2513 401 2565 Coni.
421 2515 447 2563 in
468 2513 564 2565 eodem
583 2513 665 2565 Tomo
684 2513 838 2580 p.346sq.‚
864 2514 909 2564 ubi
937 2513 1027 2577 ilenrp
1052 2514 1121 2564 hanc
1147 2514 1293 2579 epistolam

161 2601 187 2650 ln
206 2599 328 2664 lingnam
346 2599 518 2650 vernaculam
539 2600 690 2652 transtulit.

76 2713 247 2780 clarissim
270 2723 359 2792 ciro,
383 2719 570 2782 eruditione
593 2731 626 2780 ct
647 2725 773 2782 virtute
792 2725 987 2802 praestanti
1006 2715 1051 2782 D.
1076 2719 1199 2782 Ioanni
1216 2717 1293 2780 cct-

77 2823 152 2892 or'nc,
177 2819 312 2884 Pastore·
323 2819 496 2884 Ecclesiae
512 2819 710 2886 Gerrevenss's
724 2829 783 2904 pic
803 2835 836 2883 et
842 2819 912 2900 fid.
930 2830 1108 2887 amicosne
1123 2828 1293 2886 carissimo

531 2923 570 2987 P.
596 2921 764 2987 Melanch.
792 2923 826 2987 S.

146 3064 206 3124 lmo
235 3079 310 3124 vero
336 3063 466 3124 Calvine
492 3064 646 3150 Cimini
679 3064 848 3124 corrsilium
879 3063 918 3124 de
949 3079 998 3122 ure
1029 3064 1101 3140 ipso
1134 3063 1295 3127 ostendes.

77 3162 180 3226 Crescit
203 3166 288 3226 enim
312 3166 365 3227 hic
389 3171 566 3234 certamen,
590 3166 674 3240 quod
698 3173 793 3226 antea
818 3167 938 3242 defugi.
976 3167 1115 3240 Cumque
1139 3165 1294 3226 haetenus

13 3345 14 3348 Ἴ
77 3268 249 3338 parcendum
278 3267 502 3344 tranquillitati
533 3267 746 3330 Ecclesierunr
784 3268 816 3328 in
849 3268 900 3327 his
932 3267 1118 3344 regionibus
1153 3267 1230 3331 ieris
1263 3271 1294 3324 et

13 3351 14 3376 ³
77 3365 196 3432 horridis
225 3372 398 3440 senserim,
432 3370 753 3445 moderatissimeque
791 3371 917 3432 locutus
948 3369 1024 3439 sim,
1057 3387 1138 3428 nuuc
1167 3367 1295 3428 duriore

13 3507 14 3536 1
77 3484 152 3530 croc
172 3474 378 3550 postulantur.
431 3475 491 3533 Oro
522 3480 628 3534 orclem
652 3481 684 3532 te
707 3480 741 3532 ut
765 3490 814 3533 rne
836 3475 905 3534 Deo
939 3473 1003 3550 piis
1028 3470 1112 3534 votis
1137 3488 1293 3534 commen-

77 3569 130 3632 des.
172 3575 206 3634 D.
230 3576 365 3638 Martinc
389 3595 450 3636 oon
475 3577 608 3636 exhibui
633 3583 716 3636 tuem
742 3573 967 3657 epistolsm¹)·‚
999 3575 1098 3636 multa
1130 3575 1212 3634 enirn
1245 3592 1295 3636 su-

78 3674 201 3746 spiciose
232 3677 367 3753 accipit,
407 3685 437 3737 et
469 3697 531 3738 oon
564 3679 629 3737 vult
661 3678 858 3739 circumferri
889 3695 963 3737 siras
995 3676 1224 3753 responsiones
1255 3677 1295 3736 de

78 3777 175 3840 talibus
198 3781 458 3856 quaestionibus,
491 3799 568 3858 qeins
592 3781 801 3858 proposuisti.
854 3782 921 3862 Ego
945 3788 1106 3856 utcunque
1130 3779 1295 3856 respondi,

78 3895 125 3941 uec
145 3899 246 3946 meum
276 3885 430 3946 iudicium
453 3887 596 3946 antefero
626 3892 699 3946 tinae
730 3893 760 3944 et
783 3886 919 3946 aliorum
943 3886 1108 3944 dociacum
1132 3881 1203 3965 et¹)
1227 3885 1295 3960 pio-

79 3999 132 4044 rum
153 3989 287 4048 virorum
313 3988 501 4049 sententiaa.
549 3987 622 4048 Seio
645 4003 696 4047 me
720 3985 794 4049 ἄνευ
817 3989 1017 4070 φιλονεικίας
1038 3995 1197 4048 versatum
1223 4003 1296 4048 esse

14 4099 15 4102 ’
80 4085 103 4143 iu
123 4091 256 4169 negotiis
279 4093 535 4163 Ecclesiastico,
561 4101 592 4152 et
614 4092 822 4154 mediocriter
846 4093 975 4153 dedisse
1000 4108 1147 4170 operam,
1170 4091 1294 4152 utrnul-

78 4193 117 4247 tes
138 4209 183 4254 res
207 4195 368 4256 involutas
393 4195 577 4256 evolverem
608 4203 640 4255 et
665 4195 867 4272 explicarem.
906 4195 1005 4254 ‘Nunc
1037 4193 1137 4254 exilio
1162 4199 1195 4253 et
1217 4193 1297 4253 alies

79 4339 261 4360 Q—

152 4433 173 4496 l)
198 4434 271 4484 Hanc
297 4434 400 4484 Caluini
427 4436 461 4486 ad
491 4436 639 4486 Lullrerurn
669 4435 812 4501 epistolam
837 4433 898 4486 vide
931 4433 1003 4499 apud
1028 4432 1118 4496 Henry
1144 4431 1193 4484 l.l.
1220 4431 1249 4482 T.
1265 4432 1297 4482 ll.

80 4505 191 4586 littinges.
210 4537 237 4587 p.
250 4521 297 4574 106
307 4537 349 4586 sq.
372 4537 411 4574 nr.
426 4523 466 4572 le.

154 4605 180 4666 ⁸2)
204 4607 344 4657 doctorum
363 4606 401 4672 ct]
428 4608 508 4669 llaec,
541 4623 609 4671 quae
641 4606 667 4655 iu
701 4607 861 4673 apographo
887 4605 1017 4670 Tigurino
1049 4605 1190 4669 leguntur,
1224 4605 1297 4670 apud

81 4682 155 4751 lleurp
174 4689 189 4738 l.
205 4691 222 4740 l.
243 4693 351 4746 desunt.
