3102 5202
471 380 719 446 substantiata
737 381 985 444 analatrasum.

568 794 570 803 .
614 731 743 802 Amico
769 701 818 802 Ν.

165 879 239 928 llaec
251 877 373 945 epistola
392 884 418 928 et
436 877 604 942 subsequens
638 880 861 946 primameditae
879 889 942 933 aaut
964 882 1074 936 aProi,
1089 884 1200 937 Sobeler
1222 901 1257 939 et
1273 887 1337 940 Pro·-

198 964 310 1028 iessoris
335 965 392 1014 l'an
411 963 445 1017 de
465 964 547 1016 Valde
567 967 710 1033 apparete
724 965 977 1026 Melancbtlroaiano
999 967 1028 1018 in
1045 968 1194 1027 Naumanni
1212 970 1333 1040 Seruaeo

196 1053 259 1103 anni
278 1049 353 1103 1867.
373 1048 423 1109 Nc.
434 1053 465 1109 9.,
480 1067 507 1121 p.
521 1051 571 1108 133
590 1067 630 1118 sq.
650 1053 730 1122 epist.
749 1052 791 1106 ab.
812 1060 839 1104 et
857 1067 885 1119 p.
898 1055 956 1108 135.
978 1054 1058 1122 epist.
1078 1056 1121 1110 36.

449 1205 452 1222 ¹
510 1204 745 1320 ι(ῩΙιιεονίριίο
766 1235 884 1331 deest.)
983 1225 986 1234 ’

153 1395 155 1398 ’
183 1393 347 1456 cillianus
368 1410 430 1454 non
454 1400 596 1456 amanter
618 1394 707 1464 lecit,
731 1395 813 1470 quod
836 1395 947 1457 literas
969 1396 1050 1458 mibi
1073 1404 1155 1471 tuas,
1178 1398 1333 1478 inquibus

91 1495 187 1558 iidem
201 1511 303 1558 meam
325 1497 533 1557 acerbissime
554 1513 693 1566 accusas,
717 1495 813 1568 rnisit,
836 1503 871 1557 ut
893 1513 996 1560 meam
1017 1501 1102 1574 aqud
1124 1507 1157 1562 te
1180 1500 1336 1567 innocen·

94 1598 171 1659 tiam
197 1598 401 1659 defenderem
439 1613 607 1676 meumque
641 1600 681 1660 de
703 1607 737 1660 te
760 1598 912 1662 iudicium
946 1607 977 1662 et
997 1602 1094 1664 animi
1117 1604 1333 1668 inductionem

94 1717 297 1779 exponerem.
342 1701 416 1762 Nam
441 1702 652 1764 eruditionem
673 1705 715 1764 ct
736 1701 933 1778 prudentiam
962 1703 1043 1766 milri
1078 1705 1186 1768 facilc·
1208 1709 1334 1770 detrahi

93 1802 215 1881 putiau
247 1804 345 1866 fidem
367 1803 400 1864 in
425 1803 594 1866 discrimen
617 1805 738 1876 venire,
762 1804 895 1868 id'vsro
919 1809 1048 1873 cruciat.
1063 1805 1067 1858 ἶ
1094 1809 1205 1872 Fumat
1227 1811 1332 1874 autem

92 1905 257 1968 amicitiae
280 1913 419 1979 nostrae,
454 1906 638 1986 priusquam
673 1925 724 1970 me
756 1910 840 1988 apud
871 1909 953 1972 alios
982 1912 1332 1985 traduceres,··meoum

91 2011 308 2087 expostulare,
331 2011 360 2072 si
383 2011 458 2086 quid
479 2010 617 2072 alienius
641 2013 830 2085 audivisses,
859 2030 917 2075 nec
941 2019 1063 2076 temere
1092 2015 1260 2095 quidquem
1291 2020 1332 2080 de

90 2114 195 2176 amico
218 2115 358 2175 credere.
402 2114 490 2175 Nunc
513 2131 591 2177 vcro
621 2117 705 2193 apud
728 2123 814 2178 tuum
839 2117 1019 2180 chilianum
1042 2119 1203 2182 eiusmodi
1228 2121 1332 2186 literis

92 2216 288 2286 conscindis,
303 2220 338 2276 at
360 2216 437 2278 nihil
460 2219 493 2278 in
509 2235 652 2280 socerum
677 2221 801 2282 credam
823 2220 1234 2288 archilochiumlnimicius
1255 2225 1333 2286 sori·

89 2319 209 2394 puisse.
255 2320 357 2394 Gauio
379 2317 488 2396 itaque
517 2337 568 2382 me
598 2321 656 2384 tibi
683 2330 849 2402 purgatam
880 2330 912 2385 et
939 2323 1114 2388 amicitiem
1148 2341 1229 2402 quae
1264 2327 1298 2388 in
1308 2325 1332 2410 ¹)

89 2439 150 2484 nos
172 2419 229 2482 diu
249 2422 309 2483 luit
331 2425 459 2496 sarcire,
482 2443 520 2487 ac
542 2427 670 2503 quidem
693 2433 803 2489 sancte
823 2427 928 2490 iurare
950 2445 1098 2505 possum,
1113 2429 1143 2490 si
1167 2430 1248 2508 quid¹
1265 2449 1330 2493 mc·

90 2527 132 2588 do
169 2525 287 2587 iuranti
320 2527 435 2603 credis,
473 2545 534 2600 me,
560 2547 601 2591 cx
634 2547 695 2608 quc
728 2537 830 2592 tecam
864 2529 1037 2593 amicitiara
1071 2530 1172 2604 iunxi,
1207 2549 1333 2608 semper

89 2645 217 2691 amasse
246 2628 279 2690 in
303 2637 335 2690 te
358 2631 548 2709 probitatem
573 2641 605 2694 ct
642 2633 780 2697 studium
803 2635 963 2697 literarum
1000 2633 1172 2712 inquibus
1207 2643 1240 2696 te
1262 2651 1331 2698 ver·

93 2734 161 2796 sari
184 2749 296 2811 magna
318 2751 387 2796 cum
398 2735 566 2814 diligentie
589 2736 743 2799 ridebam.
770 2739 845 2799 Eam
869 2743 993 2816 ergata
1016 2739 1209 2800 voluntatem
1219 2753 1333 2810 meam,

92 2838 139 2898 ito
160 2853 211 2897 me
235 2837 320 2898 Dens
343 2843 437 2910 amet,
462 2839 580 2901 mutavi
602 2858 770 2919 nunquam,
795 2855 900 2917 neque
924 2841 964 2901 de
986 2847 1019 2900 te
1041 2841 1136 2902 aliter
1158 2841 1246 2919 loqui
1269 2857 1331 2903 me·
1423 2903 1424 2908 ,

91 2939 181 3001 mini.
227 2943 328 3002 Certe
342 2941 570 3020 Norirnbergae
592 2944 672 3018 apud
696 2941 897 3006 Dominicnm
921 2944 1058 3004 elalius
1082 2959 1180 3018 saepe
1202 2944 1333 3006 honori·

90 3045 185 3106 ficara
209 3043 256 3108 tui
273 3045 472 3108 mentionem
494 3047 577 3122 leci3
601 3048 641 3107 de
663 3047 728 3108 tuis
751 3045 877 3124 poculis
899 3063 1055 3123 nunquam
1075 3053 1126 3108 est
1148 3047 1244 3108 seriis
1265 3063 1331 3108 ser-

91 3145 238 3208 monibus
269 3146 355 3222 apad
378 3147 499 3209 amicos
517 3147 785 3211 familiarissimos
808 3153 861 3209 aut
880 3146 962 3209 alios
986 3147 1113 3209 dictum.
1160 3147 1235 3209 Nam
1259 3166 1355 3210 cam·

94 3250 245 3312 excusari
276 3251 364 3311 illum
387 3257 475 3313 tuum
496 3269 631 3325 morem,
668 3260 733 3314 tam
756 3249 871 3314 mutari
908 3252 980 3326 ipse
1012 3250 1161 3312 sciebam.
1204 3250 1330 3312 Deinde

91 3369 146 3415 cur
168 3353 329 3414 laederem
349 3360 393 3426 tc,
417 3373 436 3416 a
458 3370 521 3430 quc
544 3373 596 3417 me
618 3355 715 3418 amari
738 3363 857 3418 certum
880 3356 1032 3416 habebam
1056 3361 1088 3415 et
1112 3353 1168 3431 qui
1192 3353 1332 3414 miluini-

91 3456 203 3520 cissim
227 3459 341 3518 charus
365 3455 458 3519 erat?
480 3465 534 3520 aut
556 3475 647 3537 quam
669 3459 850 3529 utilitatem,
874 3473 952 3535 quos
969 3457 1088 3518 reditus
1111 3473 1152 3516 ex
1167 3463 1221 3518 tua
1243 3457 1330 3535 igno·

89 3557 392 3636 minia'oaptarcm?
432 3560 497 3622 lieo
518 3579 580 3642 ego
603 3571 718 3634 tamen,
742 3564 771 3624 si
793 3579 843 3624 me
867 3569 954 3624 recte
977 3561 1065 3632 novi,
1089 3566 1153 3622 tam
1176 3575 1329 3638 peruerse

90 3666 203 3736 molus,
235 3671 271 3726 ut
293 3665 393 3743 gratis
416 3667 504 3728 iuvet
526 3667 654 3728 laedere
676 3665 836 3729 hominem
870 3667 912 3726 de
933 3680 984 3726 me
1006 3667 1089 3726 bene
1113 3663 1330 3738 sentientem

91 3768 351 3846 doniquoetiam
376 3770 432 3832 tiui
456 3771 625 3832 consulere
657 3777 756 3848 teque
792 3771 903 3832 iuvare
925 3769 1007 3830 mihi
1039 3783 1136 3829 curae
1156 3765 1222 3827 luit.
1268 3765 1331 3826 Sed

91 3879 124 3933 tn
146 3885 252 3948 neque
281 3873 379 3950 igitur
401 3879 467 3934 tres
497 3872 581 3945 illos,
616 3891 696 3950 quos
719 3889 782 3952 ego
810 3871 937 3934 serratui
959 3867 1215 3948 Norimbergensi
1229 3887 1234 3936 ,-’
1248 3886 1328 3930 eorn-

91 3973 251 4046 mcndari,
288 3976 392 4036 locum
412 3977 551 4046 ambisti,
585 3990 689 4054 neque
721 3975 887 4037 consiliam
910 3972 1119 4052 profectionis
1142 3978 1216 4033 tuae
1239 3973 1330 4034 Nori·

90 4079 220 4154 bergam
245 4073 341 4138 etism
363 4077 519 4156 irroganti
529 4077 554 4163 ²)
578 4078 657 4140 milri
680 4079 759 4140 satis
782 4076 949 4143 declarasti
970 4083 1002 4137 et
1027 4077 1118 4138 vidos
1141 4090 1233 4154 qnam
1254 4093 1330 4152 pau-

93 4196 148 4241 cae
172 4180 218 4242 ibi
239 4181 330 4242 loeus
354 4182 460 4243 luerit.
505 4183 572 4260 Ego
594 4199 673 4243 vero
707 4195 786 4258 quos
810 4181 1028 4242 commendavi
1050 4177 1186 4250 Noricis,
1221 4179 1330 4240 alieno

91 4281 195 4361 magis
218 4298 311 4359 quatu
334 4299 404 4344 meo
435 4285 500 4346 illis
524 4284 645 4348 iudicio
668 4282 796 4361 probari
818 4282 923 4354 volui,
960 4299 1063 4359 neque
1087 4283 1255 4359 quicquam
1277 4285 1330 4345 de-

94 4422 300 4453 .-........l.....

194 4521 225 4596 l)
248 4524 288 4595 in]
308 4527 423 4580 fortasse
441 4527 587 4595 legendnm
606 4511 662 4582 est:
686 4527 758 4580 inter
824 4547 825 4552 ¹

191 4631 219 4697 2)
233 4631 388 4700 irroganti]
408 4631 495 4687 forte:
514 4633 697 4698 interroganti

128 4790 227 4844 supplan.
245 4789 366 4830 talmuth
