3072 5208
464 316 707 370 scrutaminis
728 317 808 370 auur
828 317 975 372 rucnnrr.
1253 299 1321 370 487

84 487 132 529 me
156 472 302 532 voluisse
333 490 402 532 cum
434 470 501 531 viro
533 470 653 547 optimo
685 472 712 530 d.
742 475 868 546 pastore
900 478 951 532 tuo
984 490 1093 534 socero
1111 473 1136 556 ¹)
1166 481 1323 552 perpetuo

83 559 285 634 concordiam
309 573 402 646 tueri,
427 573 510 650 quod
537 581 566 632 et
592 574 639 633 rei
661 573 741 647 publ.
768 591 863 634 causa
886 573 960 644 laci,
992 583 1022 634 et
1053 577 1226 651 quievere
1252 593 1323 638 eum

82 693 211 752 semper
235 677 337 738 dilexi
362 682 393 737 et
416 685 586 738 veneratus
611 693 689 747 sum,
713 675 795 753 quod
819 677 889 752 ipse
914 678 984 747 scit,
1008 696 1106 738 annos
1129 679 1190 742 iam
1212 679 1322 758 trigin-

80 787 121 843 ta.
168 781 237 841 Nec
259 798 339 842 nunc
363 797 412 840 me
437 797 535 840 sonex
561 787 709 842 retexam.
756 779 860 839 Placet
882 777 958 837 mihi
980 781 1146 842 consilium
1171 781 1211 841 de
1234 799 1322 843 enar·

80 883 178 942 raudo
206 885 308 959 primo
334 885 413 944 libro
444 887 517 963 περὶ
539 885 601 944 τῶν
623 878 828 958 καθηκόντων
851 867 869 958 ἢ
891 876 1020 960 ἀρετῶν.
1066 882 1175 944 Cicero
1199 883 1325 945 Lectori

79 985 323 1060 splendidam&
358 988 520 1048 materiam
556 987 740 1064 suppeditat
773 985 803 1044 in
836 986 1052 1061 descriptione
1086 985 1252 1058 virtutum,
1290 987 1320 1048 in

78 1087 300 1164 exemplorum
324 1090 488 1157 varictate,
516 1089 547 1148 in
572 1086 740 1148 collatione
763 1086 863 1147 divini
886 1093 917 1147 et
941 1085 1180 1163 humanitatis,
1205 1089 1321 1149 doctri-

77 1204 136 1246 nae
163 1187 331 1256 coelestis,
356 1196 387 1248 et
411 1189 647 1265 philosophiae.
692 1190 730 1249 lit
760 1189 827 1248 talis
855 1188 1010 1248 enarratio
1048 1190 1176 1264 prodest
1213 1191 1320 1250 adala·

77 1293 244 1354 scantibus
268 1293 308 1353 ad
330 1292 542 1363 iudicandum,
565 1299 596 1352 et
619 1292 824 1353 adorationis
844 1292 979 1367 capium.
1000 1291 1099 1353 Deum
1115 1309 1182 1362 oro,
1204 1299 1237 1352 ut
1261 1309 1318 1354 nas

76 1410 190 1455 onmes
216 1404 316 1473 regat,
346 1404 378 1458 et
400 1395 490 1456 nobis
514 1397 610 1464 adsit,
642 1404 673 1456 et
704 1397 765 1456 hoc
788 1394 953 1456 exordium
981 1403 1103 1458 tuarum
1127 1397 1321 1474 praelectio·

76 1514 148 1558 num
173 1499 342 1576 gubernet.
388 1499 474 1558 Be'ne
499 1499 579 1560 vale.
602 1498 708 1574 pridie
732 1499 795 1560 Cal.
817 1502 973 1575 septemb.

909 1649 1085 1734 philippus.

627 2171 770 2256 ardon,

181 2339 253 2392 Vide
273 2341 465 2408 prolegomena
485 2342 518 2393 ad
539 2358 580 2394 no.
598 2341 657 2392 489.

206 2566 210 2570 .
293 2507 437 2576 Daetr'as.
461 2519 532 2574 vtro
554 2510 588 2573 d.
609 2516 750 2592 georgia
762 2506 932 2572 cracovia.

161 2668 195 2728 S.
221 2670 256 2730 D.
302 2667 368 2728 Scis
392 2669 432 2728 de
456 2669 516 2727 deo
541 2664 690 2744 scriptum
714 2678 803 2726 esse:
827 2664 899 2739 lpse
923 2670 972 2725 est
996 2662 1161 2740 longitudo
1184 2662 1314 2732 dieram,

76 2773 107 2826 et
129 2771 201 2831 vita
224 2776 285 2830 tuo.
332 2770 416 2832 Hunc
438 2768 521 2830 vitoe
543 2778 686 2830 autorem
710 2775 742 2828 et
765 2769 884 2830 tantem
913 2786 987 2838 oro,
1017 2773 1050 2828 ut
1072 2773 1106 2826 te
1129 2772 1253 2835 servet,
1283 2767 1316 2824 et

77 2869 161 2932 vires
188 2870 329 2950 corporis
354 2869 411 2933 tihi
434 2876 591 2934 restituat.
637 2872 738 2932 Velim
763 2869 861 2932 etiarn
884 2877 916 2932 te
942 2870 1122 2932 ueneranda
1146 2865 1226 2939 seni,
1262 2885 1313 2928 so·

77 2987 150 3034 cero
178 2973 333 3052 scribere,
353 2976 393 3034 de
419 2973 522 3035 literis
544 2972 697 3052 Principis
721 2973 864 3034 dominus
890 2980 992 3034 rector
1028 2976 1146 3037 statuet
1183 2988 1239 3032 suo
1268 2988 1316 3034 ar-

76 3072 180 3138 bitrio.
226 3075 289 3136 Sed
312 3079 340 3137 si
365 3077 450 3138 volet
473 3086 643 3152 experiare
668 3093 770 3136 meum
793 3076 939 3147 reditum,
964 3077 1046 3136 scias
1069 3091 1119 3136 rue
1141 3074 1222 3136 intra
1243 3073 1314 3136 dies

77 3196 207 3252 paucos,
232 3181 292 3240 deo
315 3178 454 3252 iuvante,
478 3179 682 3242 constituisse
705 3179 819 3240 redire.
866 3176 910 3238 Eo
935 3177 1019 3238 enim
1056 3193 1137 3240 nunc
1160 3192 1309 3254 propero,

76 3292 109 3343 ut
130 3285 227 3346 citius
252 3283 356 3344 redire
379 3286 417 3344 ad
441 3287 583 3364 collegas
606 3285 667 3346 huc
690 3283 819 3359 possim.
866 3282 952 3342 Bene
975 3285 1056 3342 vale.

883 3435 1058 3512 Philippus.

375 3985 527 4077 Georpia
550 3983 743 4070 cracova,
769 3982 924 4052 Ductori
950 3981 1058 4050 luris.

180 4148 252 4200 Vide
270 4149 463 4216 prolegomena
482 4149 515 4200 ad
534 4165 579 4204 no.
598 4150 659 4204 489.

81 4301 285 4316 m

169 4409 197 4476 l)
216 4409 412 4478 Bagenhagem
439 4412 516 4464 cuius
534 4410 615 4462 filiam
635 4375 731 4462 Saxam
753 4405 1100 4463 de.-arac0viusa.1ttu
1131 4407 1158 4456 in
1177 4405 1315 4459 matrlmo·

80 4494 151 4546 nium
169 4495 292 4552 duxerat.

164 4599 192 4666 2)
217 4601 400 4670 splendidam]
427 4604 454 4656 in
475 4609 582 4670 autogr.
604 4601 702 4654 calami
721 4615 809 4652 errore
828 4599 942 4669 legitur:
969 4597 1140 4668 spendidam.
