3072 5208
440 342 688 394 spartanorum
709 341 791 394 nuru
818 343 893 394 rara,
1224 327 1290 395 255

69 503 120 562 Dei
141 501 373 577 pronuntiauit,
405 517 463 560 nec
493 499 638 576 cogitent
666 501 777 558 naraon
807 515 910 558 rerum
941 501 1163 569 rnuximaruun
1195 507 1226 559 et
1248 501 1288 559 ad

67 603 187 682 gloriam
214 605 278 666 Dei
306 602 535 678 pertinentium
565 601 815 676 explicationem
845 603 958 662 inanes
989 603 1080 663 ludos
1117 619 1209 672 esse,
1245 604 1285 662 de

67 709 165 781 quibus
188 707 279 765 utin
303 705 468 764 Arcesilae
500 705 611 766 schola
643 720 832 764 eoncessum
861 704 904 763 sit
936 721 1154 780 qrrarncunque
1187 706 1286 764 velint

64 818 173 886 partem
195 809 288 867 tueri.

137 911 222 970 llaec
244 909 382 985 praelati
405 927 529 977 sumus,
553 915 588 966 ut
611 925 718 968 acram
732 907 885 968 uniuersa
897 908 1043 968 Ecclesia
1058 909 1157 970 liuius.
1167 909 1285 971 aetatis

66 1023 90 1074 et
110 1011 325 1090 posteritatis,
350 1011 475 1087 publice
498 1027 712 1086 exponamus,
738 1027 819 1085 quae
843 1029 902 1070 nos
927 1027 1044 1072 currsac
1066 1012 1227 1074 moverint
1251 1021 1283 1073 et

67 1120 97 1178 ad
124 1117 376 1190 amplectendum
415 1122 461 1174 et*
476 1115 515 1174 ad
549 1115 745 1174 retinendum
782 1113 946 1174 doctrinae
983 1131 1100 1191 genus,
1137 1117 1222 1191 proed
1255 1116 1286 1176 in

64 1217 204 1280 Ecclesiis
227 1219 348 1279 nostris
373 1226 472 1278 sonat.
519 1217 584 1276 Non
609 1216 814 1286 curiositate,
838 1232 901 1278 non
925 1218 1100 1293 cupiditate
1124 1220 1199 1288 ulla,
1222 1237 1284 1280 non

65 1339 158 1383 errore
182 1341 201 1382 a
223 1323 364 1382 caeteris
385 1320 610 1380 dissentimus:
642 1321 699 1379 sed
730 1321 770 1379 de
792 1319 862 1381 Deo
892 1322 1109 1382 testimonium
1139 1323 1282 1384 dicimus.

65 1427 210 1485 sentimus
232 1441 341 1483 ueram
369 1439 443 1482 esse
473 1425 513 1482 de
535 1425 603 1484 Deo
634 1424 809 1484 doctrinam
838 1423 871 1482 in
904 1422 994 1484 libris
1026 1424 1227 1500 propheticis
1253 1433 1285 1486 et

65 1527 240 1603 apostolicis
255 1525 420 1595 traditam,
446 1533 477 1584 et
495 1525 595 1585 filiurn
611 1524 673 1586 Dei
686 1525 896 1586 iudicaturum
911 1543 984 1586 esse
1001 1543 1112 1587 omnes
1126 1528 1285 1598 homines,

65 1639 90 1690 et
110 1631 250 1690 daturum
281 1636 444 1689 aeternam
473 1631 608 1688 salutem
639 1628 680 1687 iis
706 1631 760 1702 qui
783 1628 959 1706 Evangelio
984 1629 1153 1700 obediunt,
1178 1641 1209 1691 et
1231 1633 1283 1691 aa

65 1733 205 1794 iacturum
235 1735 267 1792 in
298 1740 447 1792 aeternas
478 1747 601 1806 poenas
632 1731 705 1792 illos
736 1735 791 1807 qni
820 1740 1041 1803 contemnunt,
1070 1741 1125 1794 aut
1149 1735 1283 1795 oderunt

64 1837 266 1914 Euangelium.
308 1835 469 1896 Sentinrns
492 1837 666 1911 praecipue
689 1838 757 1897 Deo
784 1837 844 1896 lroc
868 1837 1007 1896 officiunt
1031 1855 1050 1897 a
1074 1843 1141 1898 toto
1165 1854 1327 1915 genere,

64 1939 203 2008 hnmano,
229 1945 260 1997 el
283 1957 301 1998 a
325 1937 461 2014 singulis
485 1935 667 1998 hominibus
697 1939 827 2009 deberi,
861 1947 897 1998 ut
925 1941 1007 2000 hanc
1035 1939 1138 2016 ipsam
1169 1942 1285 2002 doctri-

64 2061 123 2102 nam
150 2043 423 2120 per'l‘roplretaS,
455 2041 631 2112 Cluistum,
664 2050 696 2102 et
718 2044 891 2118 Apostolos
921 2043 1071 2104 traditam
1102 2045 1224 2105 servari
1254 2053 1286 2105 et
1381 2025 1383 2031 ¹

65 2145 201 2206 illustrari
226 2153 353 2213 curent,
389 2153 420 2203 ct
443 2147 708 2222 propagationem
732 2145 900 2214 adiuvent,
931 2147 1014 2206 sicut
1044 2147 1286 2223 scriptumest:

66 2249 116 2317 Qui
136 2266 195 2309 non
221 2247 347 2324 colligit
371 2265 509 2317 mecum,
533 2248 679 2324 dissipat.

140 2350 299 2412 Septimus
322 2351 468 2411 uicissim
491 2367 567 2411 vere
596 2351 690 2428 diligi
714 2369 731 2410 a
754 2353 842 2421 Deo,
875 2352 1037 2421 exairdiri,
1068 2361 1099 2411 et
1128 2355 1285 2430 servari²l

68 2457 135 2515 hanc
165 2457 358 2524 Ecclesiam,
395 2471 476 2530 qnae
510 2455 717 2532 Euangellum
752 2457 934 2531 incorrupte
969 2465 1067 2516 sonat.
1125 2458 1285 2520 Sentiruus

68 2558 166 2628 etiam,
195 2561 277 2618 lraue
307 2558 409 2634 ipsam
440 2558 634 2627 doctrinam,
670 2573 751 2633 quae
783 2559 814 2616 in
838 2558 994 2618 Ecclesiis
1024 2561 1141 2620 nostris
1171 2579 1285 2638 propu-

67 2661 152 2731 nitur‚
176 2679 252 2722 vere
277 2677 350 2720 esse
374 2661 564 2724 sententiam
595 2661 785 2737 scriptorum
808 2661 1069 2738 Proplreticoruro
1095 2671 1125 2722 et
1142 2667 1285 2741 Aposto-

69 2762 199 2834 licorum,
241 2765 282 2823 de
318 2781 379 2838 qnia
418 2765 630 2839 symbolorum
667 2771 698 2822 et
730 2765 933 2838 probatorum
972 2766 1163 2841 scriptorum
1196 2768 1285 2828 testi-

68 2867 157 2926 monia
185 2873 304 2928 extant.
1324 2939 1325 2942 Ἴ
1358 2941 1361 2946 ,

136 2971 239 3030 Manet
271 2969 356 3029 enirn
388 2972 417 3028 in
442 2970 587 3030 Ecclesia
618 2972 649 3029 in
680 2969 841 3044 aliquibus
872 2985 946 3028 vera
976 2970 1137 3032 sententia
1162 2974 1203 3031 de
1225 2972 1286 3033 Dei

69 3071 231 3142 voluntate,
263 3071 344 3132 alias
369 3073 541 3142 illustrior,
573 3073 654 3132 alias
684 3069 866 3138 obscurior,
897 3070 1025 3130 etiamsi
1046 3073 1206 3134 ordinaria
1230 3094 1285 3150 po-

68 3177 150 3234 testas
165 3188 266 3250 saepe
283 3191 411 3250 prorsus
431 3166 599 3251 prolana²l
623 3179 688 3243 est,
713 3181 745 3232 et
768 3180 868 3232 tetros
892 3187 1021 3232 errores
1041 3174 1201 3246 defendit,
1225 3179 1285 3237 sic-

68 3281 94 3331 ut
114 3275 143 3336 in
167 3277 332 3345 Zacharia,
351 3275 536 3346 -Sinreone,
569 3276 685 3346 Maria,
709 3276 874 3336 Elizabellr
900 3276 991 3335 lulsit
1014 3277 1119 3336 lumen
1142 3279 1287 3356 Euange·

67 3375 144 3459 ΗΡ),
177 3379 304 3438 etiamsi
329 3381 436 3440 Annas
467 3386 499 3438 et
523 3379 662 3456 caiphas
693 3386 783 3438 erant
811 3376 907 3437 attrei.
953 3379 1018 3437 Nec
1040 3381 1191 3456 alligatae
1215 3389 1288 3441 sunt

67 3479 284 3550 promissiones
308 3480 348 3539 de
372 3480 512 3541 veritate
535 3499 681 3542 mansura
704 3479 904 3540 inlicclesia
927 3481 965 3540 ad
989 3497 1062 3551 eoa,
1087 3483 1141 3557 qui
1160 3485 1287 3545 titulum

68 3579 168 3642 labent
206 3581 388 3643 ordinariae
421 3586 610 3660 potcstatis,
649 3600 709 3644 nec
743 3581 868 3660 legunt,
905 3599 964 3644 nec
1002 3584 1196 3656 didicerunt,
1229 3603 1287 3646 nec

68 3693 157 3745 amant
180 3685 300 3764 scripta
325 3690 513 3764 prophetica
538 3697 568 3747 et
590 3689 795 3764 Apostolieat
821 3695 853 3747 et
863 3687 890 3766 ⁴)
913 3705 982 3747 curn
1000 3690 1196 3767 sumpserint
1212 3690 1286 3750 inde

68 3803 132 3846 suae
153 3788 317 3865 potentiae
340 3789 482 3860 titulum,
516 3791 632 3850 deinde
660 3809 762 3871 novas
792 3793 883 3867 leges
913 3791 1050 3852 condunt
1072 3794 1287 3854 accommoda-

67 3891 139 3969 tasl)
160 3894 199 3952 ad
222 3911 312 3952 snam
336 3893 527 3962 utilitatem,
554 3901 879 3970 etpugnantescum
903 3894 1039 3953 coelesti
1063 3895 1223 3966 doctrina,
1256 3903 1288 3956 et

69 3994 236 4084 excogitant
253 3998 423 4073 strophas,
449 4000 562 4072 quibus
586 4015 654 4057 eam
680 3999 716 4058 ad
743 4015 817 4058 suas
842 3996 1013 4073 opiniones
1037 3997 1207 4060 inlle'etant.

139 4095 197 4155 Sed
220 4106 328 4158 manet
352 4099 472 4159 ueritas
503 4102 534 4158 in
566 4098 661 4168 aliis,
693 4099 847 4174 quicum
876 4099 1208 4162 discunt‘ccelestcm
1233 4103 1283 4163 do-

141 4283 166 4345 l)
190 4285 332 4348 exaudiri,
352 4294 379 4348 ct
398 4286 514 4354 servari]
535 4288 682 4341 Seckend.:
704 4287 807 4338 servari
827 4291 854 4336 el
874 4286 999 4339 exaudiri

141 4365 166 4432 2)
190 4369 320 4439 profana]
340 4370 491 4427 Seckeud.:
512 4372 628 4440 profana
651 4379 677 4422 et
696 4371 831 4438 Epicurea

142 4453 168 4516 3)
189 4443 360 4522 Evangelii,]
382 4457 532 4508 Seckend.:
554 4457 682 4518 eoeleste,

141 4539 167 4597 4)
193 4539 230 4604 et]
253 4541 401 4593 Seckerrd.:
422 4545 506 4594 lmrnc

143 4625 168 4688 5)
193 4627 424 4695 accommodatas]
447 4630 520 4696 apud
539 4628 671 4682 Sol-tend.
691 4631 779 4680 deest.
