3120 5206
533 369 778 422 surrtnunnm
799 369 880 420 num
906 371 978 422 racc.
1357 354 1379 422 9

135 527 273 586 habebis
302 529 454 586 bonarum
485 527 645 586 literarum
677 526 885 602 professorem
937 525 1035 586 Utere
1071 527 1161 586 libris
1199 529 1315 588 nostris
1347 534 1378 587 el

134 627 278 704 ingenio.
334 629 397 688 lam
425 628 592 689 Herculem
629 628 849 696 eroianicum,
889 636 964 705 puto
994 630 1196 690 Rhetoricam
1227 629 1377 706 praelati·

132 732 280 792 unculam
307 737 432 806 praeter
455 721 675 807 gra'rnmatica,
699 730 762 792 iam
777 731 962 800 Homerica,
988 731 1140 792 Hesiodia
1165 733 1321 810 leguntur,
1345 739 1377 792 et

132 833 260 910 blagioa
287 834 449 893 Theocriti
481 831 716 908 auspicabimm·
745 834 908 908 proxime,
939 832 1054 909 quibus
1091 835 1304 910 praefabimur
1327 831 1379 896 ὅτι

132 933 167 998 ἐκ
192 937 247 1011 τῆς
268 932 400 1017 ἐφόδου.

219 1039 316 1107 Vive,
341 1040 413 1098 vale
438 1045 469 1099 et
493 1039 642 1099 rescribe.
667 1035 757 1100 ἔπεσι
780 1034 840 1118 γὰρ
864 1046 972 1102 σοῖσιν
994 1033 1120 1102 ἀκούων
1142 1042 1308 1122 τέρπομαι.

221 1141 268 1202 Ex
290 1142 433 1220 'subiuga
456 1144 557 1204 altera
580 1149 654 1218 post
676 1143 786 1202 iacobi
809 1139 867 1205 σὺν
889 1146 934 1227 τῷ
955 1141 1175 1225 aledramnum.
1208 1145 1333 1228 (loco.)

961 1247 1129 1324 Philippus
1155 1247 1247 1308 Turis.

128 1408 742 1496 9.Νο.9ἶ“.(νο1.1.ρ.2ἶ5.)Υ
975 1450 980 1460 ·
1194 1415 1376 1484 mmm

207 1497 342 1527 ΚΑΛ·
1202 1496 1374 1524 Μ

552 1531 745 1604 Ambrosio
771 1533 964 1604 fflaurero.
1066 1584 1069 1592 .

204 1649 246 1700 Ex
270 1649 336 1702 Man.
356 1649 384 1701 S.
404 1649 473 1702 llall.
500 1650 528 1700 iu
555 1647 720 1700 Collectiouo
746 1645 910 1698 Simleriana
927 1647 1115 1700 Bibliothecae
1140 1649 1287 1716 'ligurinae
1312 1667 1376 1702 oure

239 1735 278 1786 Cl.
300 1737 332 1788 V.
356 1737 508 1803 Voepetint
536 1734 716 1807 apographon
748 1734 854 1800 accepi.
904 1733 1041 1802 Inscripta
1068 1743 1110 1786 est
1141 1735 1210 1788 haec
1243 1736 1375 1804 epistola:

239 1820 1375 1886 mmmwmwwmmmmmwpmmmwm

239 1909 341 1960 omissa
366 1907 561 1974 inscriptione,
592 1905 669 1955 aDr.
689 1907 842 1957 Theodoro
866 1905 983 1957 Pressel
1010 1904 1036 1956 in
1063 1907 1158 1958 eodem
1184 1907 1253 1960 libro
1278 1925 1305 1976 p.
1326 1909 1376 1962 545

238 2009 280 2057 sq.
300 2009 342 2044 nr.
352 1995 378 2043 ι.

130 2098 197 2159 Pa.
213 2091 450 2158 Melanohthoo
469 2093 515 2156 ad
539 2094 575 2152 A
585 2092 679 2155 mbr.
705 2090 959 2154 Blourcram
980 2094 1072 2176 aprtd
1092 2091 1374 2176 Alberspaclmm.

219 2201 279 2272 Qui
304 2206 353 2259 est
374 2198 406 2258 iu
431 2199 491 2267 Te,
517 2199 662 2258 Ambrosi
688 2196 934 2268 iucundissime,
965 2215 1051 2258 amor
1074 2203 1184 2258 noster
1213 2199 1306 2268 lacit,
1339 2205 1373 2258 ul
1456 2239 1461 2246 ,

133 2306 268 2365 habeam
298 2302 480 2378 gratissima
504 2308 558 2360 tua
582 2302 703 2372 omuia3
736 2301 793 2360 sod
824 2317 915 2376 quam
946 2303 1056 2376 accepi
1080 2285 1178 2362 hodie
1200 2301 1374 2378 Epistolam
1405 2311 1408 2316 ·

133 2415 237 2475 tuam,
269 2421 307 2465 ea
335 2421 394 2464 suo
425 2405 491 2480 egit
520 2402 643 2474 nitore,
675 2421 732 2464 sua
762 2403 941 2480 elegantia,
971 2411 1067 2480 atque
1095 2405 1175 2464 adeo
1205 2404 1374 2480 genuinam

133 2508 292 2583 quendam
316 2507 608 2568 autorisVenerem
632 2505 775 2582 spirans,
800 2512 833 2564 ut
856 2505 937 2565 nihil
962 2507 1089 2568 omuino
1113 2507 1234 2584 gratius
1256 2505 1373 2575 offerri,

133 2612 231 2671 etiam
256 2612 318 2670 boc
342 2625 442 2669 rerum
466 2610 609 2678 turbine,
632 2609 773 2682 potuerit
795 2607 953 2684 Philippo.
988 2607 1100 2669 Latina
1123 2615 1181 2668 est.
1215 2607 1375 2668 Eresmica

134 2722 194 2774 est.
247 2713 609 2803 Laudaronrpturibus,
647 2712 681 2771 ni
709 2725 806 2788 agere
836 2712 951 2770 'l'ocum
989 2711 1179 2787 simpliciter
1214 2713 1267 2772 καὶ
1296 2703 1375 2774 stat

133 2818 261 2881 σκοποῦ
284 2816 417 2876 mallem.
468 2815 523 2876 Est
548 2831 623 2891 ergo
649 2813 733 2889 quon
763 2813 803 2874 de
832 2814 888 2874 illa
918 2815 1071 2883 iudicem,
1105 2815 1229 2889 quando
1260 2815 1371 2876 laudes

130 2923 177 2981 't'u
191 2918 213 3002 ¹)
245 2920 330 2978 terro
355 2937 415 2979 non
440 2925 533 2994 potes
556 2918 597 2976 de
620 2917 777 2977 modestia
800 2924 877 2978 tua:
914 2917 1025 2994 Magna
1048 2917 1205 2992 quondam
1234 2918 1275 2977 de
1302 2919 1372 2980 Phi-

132 3023 223 3100 lippo
248 3021 372 3100 magnis
396 3021 583 3097 quibusdam
607 3020 693 3080 Viris
720 3035 794 3094 spes
816 3021 877 3080 init
903 3019 1026 3080 venturi
1050 3021 1204 3090 nominis,
1228 3037 1290 3096 qua
1312 3037 1372 3100 ego

132 3125 278 3187 nonnihil
302 3125 401 3184 iratus
426 3127 506 3184 bane
530 3123 664 3184 ominari
688 3124 804 3184 studiis
834 3124 914 3184 meis
938 3125 1051 3200 coepi,
1082 3131 1172 3184 extra
1196 3126 1297 3186 aleam
1322 3144 1372 3187 co-

131 3227 270 3312 nandi2).
316 3220 466 3288 'lurbaiit
489 3243 598 3296 omen,
623 3227 650 3288 si
675 3227 751 3287 licet
773 3229 834 3287 hoo
848 3233 912 3286 lam
926 3227 1075 3288 audacter
1088 3227 1128 3286 de
1144 3228 1258 3299 amico,
1280 3231 1374 3290 unica

130 3331 279 3406 Epistola
300 3338 373 3400 tua,
398 3347 460 3406 qua
482 3331 528 3391 ita
551 3331 654 3390 omnis
678 3329 816 3390 instituti
841 3328 939 3389 studii
963 3330 1044 3390 ratio
1068 3331 1246 3406 intercepta
1264 3331 1372 3407 periit,

130 3442 166 3496 ιιι
190 3436 244 3510 qui
270 3434 360 3512 prius
389 3449 463 3499 esse
494 3433 616 3510 aliquid
639 3434 691 3492 vel
723 3432 868 3508 Corydon
899 3433 1017 3494 amasis
1047 3440 1205 3508 poteram,
1242 3435 1298 3494 abs
1329 3434 1372 3494 'le

129 3537 283 3612 Apolline
306 3545 492 3612 superatus,
522 3552 563 3597 ne
588 3536 715 3612 quidem
728 3533 752 3619 ⁸)
784 3536 857 3609 ipse
884 3536 964 3596 mihi
987 3537 1091 3612 aalys
1115 3536 1241 3606 videar,
1275 3543 1371 3613 atque

131 3656 293 3716 roserpam
317 3641 400 3700 intra
425 3641 532 3717 penita
555 3638 671 3699 mentis
701 3645 831 3699 nostrae
860 3639 1071 3714 inspecturus
1095 3637 1242 3716 exiguam
1260 3642 1371 3717 supel-

131 3744 281 3803 tectilem.
323 3743 391 3804 Non
415 3745 476 3804 hoc
497 3743 588 3813 dico,
612 3745 666 3805 καὶ
689 3738 768 3804 ἄλλο
791 3749 861 3816 ταῖς
883 3744 996 3826 φρεσὶ,
1026 3741 1109 3818 quod
1135 3743 1184 3802 vel
1209 3743 1293 3803 vinei
1317 3743 1370 3806 do·

130 3847 232 3915 leam,
263 3848 314 3906 vel
345 3847 425 3906 talos
455 3854 525 3906 tuas
556 3847 665 3907 literas
696 3863 758 3906 non
787 3846 939 3921 plurimas
970 3845 1065 3906 velim
1102 3846 1214 3915 scribi,
1251 3847 1308 3907 sed
1337 3853 1371 3906 ut
1442 3865 1444 3871 ·

131 3955 340 4023 extorqueam
371 3945 479 4024 potius
502 3950 559 4009 abs
583 3950 627 4008 Te
650 3944 687 4010 τὰ
711 3948 842 4011 τοιαῦτα
869 3947 991 4026 πολλὰ,
1020 3949 1135 4024 quibus
1159 3950 1314 4009 iacentem
1339 3951 1369 4010 in

130 4054 193 4112 hoc
217 4051 323 4111 medio
346 4051 466 4112 literati
490 4051 587 4113 studii
610 4070 731 4113 rursum
753 4050 875 4112 excites
896 4059 928 4112 et
948 4053 1039 4128 quasi
1053 4054 1091 4112 ab
1107 4051 1174 4112 illis
1192 4048 1372 4136 Τριακάσιν

132 4161 306 4216 emortuum
320 4171 463 4216 revoces.
498 4156 613 4216 vicisti
630 4150 727 4232 atque
741 4155 786 4216 ita
799 4162 832 4217 nl
849 4157 920 4232 plus
936 4155 1059 4235 gloriae
1082 4155 1175 4218 nobis
1200 4157 1369 4233 reliqueris

132 4257 421 4334 vincendo‚'quam
445 4257 509 4333 ipsi
534 4277 590 4319 nos
614 4260 797 4322 volebamus
822 4258 945 4322 victuri.
982 4259 1042 4320 Oro
1067 4260 1176 4336 itaque
1199 4263 1367 4323 communi-

132 4362 188 4421 bus
214 4361 429 4421 studiosorum
452 4361 553 4432 votis,
579 4369 609 4422 el
633 4363 756 4440 gloriae
779 4369 853 4422 tuae
877 4362 993 4423 finibus
1016 4379 1056 4422 ne
1080 4363 1185 4435 desis,
1219 4371 1250 4424 et
1274 4383 1368 4441 quae-

130 4479 254 4539 cunque
279 4481 338 4522 nos
362 4473 466 4526 manet
491 4482 559 4526 eam
582 4462 744 4550 tueare‚⁴)
776 4481 974 4542 promoveas.
1034 4464 1068 4526 ld
1091 4482 1151 4550 ego
1176 4467 1290 4529 iactum
1315 4487 1368 4545 pu-

130 4548 339 4560 ‘nubo—ofin·—

221 4580 244 4645 l)
272 4581 324 4647 Ta]
345 4583 465 4633 Pr'cssel:
487 4585 524 4636 ni.
570 4618 578 4632 .
629 4583 661 4642 2)
689 4582 830 4649 conandi]
850 4583 972 4636 Pressel:
993 4587 1116 4638 consedi.

214 4667 244 4731 3)
270 4683 305 4716 ne
326 4667 445 4734 quidem]
467 4670 539 4735 apud
560 4670 674 4726 Preaael.
694 4671 802 4724 ioanni.
828 4699 831 4705 ·
879 4669 910 4736 4)
937 4669 1051 4736 taceare]
1073 4672 1195 4724 Pronflel:
1215 4679 1261 4724 lua
1281 4679 1339 4725 arte
