3072 5208
266 317 331 386 254
659 331 904 384 surrentinum
933 333 1014 386 ANNI
1037 339 1111 390 1546.

269 491 310 550 sit
342 492 372 548 lu
404 489 593 558 schismate,
629 490 687 548 hos
718 488 875 566 errores¹l
911 492 1158 554 dissimulandos
1192 513 1273 556 csse.
1334 497 1394 557 lmo
1423 516 1481 558 raro

269 595 460 652 anteferatur
482 592 661 652 mundatum
686 591 845 661 divinum,
877 595 960 668 quod
984 595 1169 674 prohihet²l
1199 599 1421 675 blasphemiam
1447 601 1481 658 dl-

269 709 342 755 cere
367 696 398 756 in
423 694 576 771 Spiritum
601 702 741 754 sunctum
769 696 913 757 omnibus
938 700 1102 775 episcopis
1127 705 1158 759 et
1183 703 1322 778 regibus.
1447 691 1449 696 ⁵

352 797 456 856 illatae
478 803 549 857 sunt
573 797 755 867 servitutis,
781 815 858 874 quas
873 801 959 860 Deus
985 801 1057 876 ipse
1081 805 1193 877 generi
1216 805 1353 864 humano
1372 805 1482 864 circum-

267 900 373 969 dedit,
405 915 486 974 quae
516 900 686 961 ostendunt
717 917 799 976 quae
833 901 916 962 mala
946 903 1177 965 dissimulanda
1209 907 1246 963 ot'
1270 907 1398 968 lercnda
1425 907 1483 975 sint,

268 1021 349 1080 quae
374 1021 434 1063 non
461 1004 524 1062 sint
546 1003 685 1063 terenda.
732 1005 835 1078 Atque
860 1006 905 1064 ita
927 1006 1013 1065 Deus
1038 1023 1139 1083 saepe
1165 1010 1313 1086 collegit,
1343 1018 1374 1069 et
1396 1025 1480 1070 emen

266 1107 354 1167 davit
383 1105 560 1166 Ecclesiam
595 1113 705 1165 contra
741 1107 861 1168 iudicia
896 1108 1077 1169 ordinariae
1109 1112 1289 1187 potestatis.
1343 1113 1482 1180 Ieremias,

268 1207 382 1280 Amos,
407 1209 519 1270 etalii
543 1208 721 1284 Prophetae
746 1212 850 1286 palam
874 1211 1108 1273 dissentiebant
1131 1233 1149 1274 a
1173 1217 1304 1276 summis
1330 1217 1481 1276 sacerdoli-

266 1318 323 1374 lms
346 1329 382 1371 ac
406 1314 553 1388 regibus,
580 1319 610 1370 et
633 1311 754 1372 maiore
779 1321 868 1389 parte
893 1315 1092 1374 sacerdotnm
1116 1331 1152 1376 ac
1174 1319 1302 1394 populi:
1327 1319 1374 1378 sic
1390 1327 1483 1394 postea

267 1416 453 1484 Zacharias,
478 1416 640 1488 Baptista,
672 1416 834 1484 Christus,
863 1416 1011 1492 Apostoli
1035 1419 1254 1478 dissenserunt
1277 1423 1317 1480 ab
1343 1422 1481 1481 ordinario

266 1526 437 1595 potestate.

348 1621 388 1681 lli
412 1621 440 1682 si
464 1620 550 1680 viros
575 1620 725 1694 politicos
758 1620 994 1680 consuluissent
1016 1621 1139 1682 similes
1164 1631 1341 1696 oratorum,
1372 1627 1422 1700 qni
1442 1645 1481 1685 no-

264 1725 314 1786 bis
337 1724 560 1791 adversantur,
581 1721 782 1782 audivissent
806 1722 888 1782 idern
913 1725 1099 1795 consilium,
1125 1727 1207 1802 quod
1231 1729 1313 1804 apud
1339 1729 1480 1788 Platonem
1519 1801 1520 1808 ἵ

266 1828 417 1902 scripturn
441 1831 504 1885 est:
528 1832 562 1883 ul
586 1832 736 1899 parentes
759 1825 877 1884 deliros
901 1826 985 1885 ferre
1009 1827 1119 1897 decet,
1153 1829 1197 1888 ita
1219 1831 1401 1890 tolerandos
1423 1845 1480 1888 esse

265 1929 436 2006 potcstatis
472 1927 654 2006 ordinariae
694 1945 835 1998 errores,
873 1944 931 1988 nec
962 1931 1128 1991 excitanda
1158 1930 1295 1993 dissidia
1324 1933 1355 1992 in
1388 1933 1481 2008 patria,

200 2030 205 2039 ’
266 2033 341 2110 quia
365 2035 396 2093 iu
421 2025 576 2114 ἀναρχίᾳ,
604 2039 638 2090 et
659 2030 874 2092 seditionibus
899 2031 980 2092 nihil
1005 2035 1078 2092 mali
1102 2053 1163 2094 non
1189 2035 1273 2094 insit.

351 2135 436 2196 Haec
460 2135 562 2194 oratio
587 2133 715 2196 etiarnsi
738 2135 854 2194 alicubi
885 2136 989 2196 locum
1013 2138 1127 2206 habet,
1157 2146 1261 2198 tamen
1293 2139 1325 2197 in
1355 2135 1480 2198 licclesia
1519 2133 1520 2186 i

265 2260 327 2302 nou
350 2245 520 2314 usurpetur
532 2234 556 2318 ³)
581 2238 620 2297 ad
637 2237 832 2298 stabilienda
850 2239 953 2308 idola,
978 2247 1010 2298 et
1025 2242 1256 2301 confirmandas
1271 2240 1479 2317 blasphemias.

263 2344 418 2404 Viderunt
431 2340 581 2418 Apostoli
608 2341 764 2400 Christum
791 2349 973 2402 revocatum
999 2358 1038 2402 ex
1060 2350 1162 2403 morte
1185 2344 1217 2403 in
1240 2343 1348 2404 uitam.
1383 2344 1479 2403 Norunt

264 2446 327 2507 sibi
351 2446 527 2506 mandatum
553 2459 642 2512 csse,
667 2451 701 2504 ut
716 2445 925 2522 Evangelium
948 2446 1115 2515 docerent,
1140 2463 1202 2522 qao
1218 2446 1348 2522 quidem
1366 2455 1397 2506 et
1412 2447 1481 2505 illius

267 2549 498 2628 pulcherrimae
521 2546 656 2624 politiae
683 2547 809 2608 vincula
833 2555 864 2608 et
888 2547 980 2610 uerri
1004 2549 1202 2612 laxabantur:
1234 2569 1295 2626 qua
1321 2566 1430 2618 exre,
1457 2547 1480 2605 in

263 2653 367 2730 patria
390 2650 637 2726 dissipationem
661 2647 774 2731 tieri⁴)
804 2651 964 2712 videbant.
1018 2652 1076 2714 Hic
1105 2652 1133 2712 si
1162 2653 1380 2715 assensissent
1413 2649 1479 2711 ordi-

265 2756 374 2818 nariae
398 2752 553 2830 potestati
577 2753 706 2830 neganti
730 2753 890 2814 reuixisse
922 2755 1095 2824 Christum,
1125 2763 1158 2814 et
1190 2755 1352 2816 damnanti
1382 2751 1479 2814 doctri·

263 2879 350 2928 uaru,
374 2857 553 2918 horrendae
576 2857 797 2932 blasphemiae
822 2855 870 2915 rei
893 2856 1051 2926 luissent,
1082 2857 1183 2918 Deum
1208 2859 1400 2920 contumelia
1420 2855 1479 2916 alle·

264 2963 400 3030 cissent,
425 2966 457 3018 et
481 2957 544 3018 sibi
568 2965 600 3017 et
623 2958 697 3019 aliis
721 2965 882 3018 aeternum
907 2958 1043 3021 exitium
1066 2959 1325 3022 arcessivissent.
1518 3029 1519 3040 χ

350 3064 389 3124 llt
419 3060 517 3139 igilur
539 3062 714 3138 Apostolos
745 3063 834 3138 ipsos
858 3079 992 3122 necesse
1023 3063 1081 3123 luit
1104 3063 1219 3122 docere
1242 3058 1479 3140 evangelium),

264 3164 391 3231 etiarnsi
416 3171 559 3240 poteslas
585 3163 745 3224 ordinaria
769 3163 999 3225 dissentiebat:
1024 3167 1068 3226 ita
1092 3183 1202 3227 omues
1224 3167 1371 3226 homiues
1389 3179 1478 3225 eoruru

264 3270 446 3340 doctrinae,
477 3287 546 3330 curn
576 3269 720 3328 videraut
751 3283 819 3336 eam
850 3267 1006 3328 divinitus
1037 3269 1231 3338 confirmari,
1264 3265 1413 3330 assentiri
1438 3281 1479 3326 ue·

263 3390 355 3443 cesse
379 3371 457 3442 luit,
482 3386 657 3446 quanquam
683 3368 714 3430 in
740 3361 807 3430 toto
831 3373 907 3432 orbe
933 3379 1084 3432 terrarum
1108 3389 1218 3432 ornnes
1248 3374 1362 3434 summi
1383 3372 1478 3448 guber·

263 3485 390 3538 nalores
415 3476 667 3552 reiragabantur:
700 3471 744 3532 ita
773 3489 900 3550 semper
922 3474 1091 3552 Evangelii
1124 3476 1195 3534 roci
1226 3492 1336 3536 ornnes
1366 3471 1478 3536 obedire

262 3581 389 3642 dehent.
419 3585 451 3638 et
476 3576 620 3652 quicum
656 3593 725 3638 earn
756 3576 915 3637 audierint
944 3585 1120 3654 agnoscunt
1142 3579 1204 3641 Dei
1229 3581 1435 3649 voluntalem,
1454 3577 1477 3628 el

264 3689 367 3745 tantan
393 3678 529 3755 obsequi
553 3680 679 3748 nolunt,
705 3680 767 3738 irno
793 3678 889 3738 etiam
913 3681 1023 3741 delere
1048 3676 1154 3757 aaur⁶)
1178 3687 1347 3749 conantur,
1373 3695 1425 3738 seu
1446 3671 1478 3737 vi,

262 3801 319 3845 seu
344 3784 470 3856 fraude,
495 3789 527 3842 ut
551 3800 632 3844 unua
654 3781 745 3842 multi
770 3782 963 3858 praestigias
995 3783 1033 3842 ad
1058 3783 1308 3844 labefactandam
1333 3783 1477 3842 veritatem

265 3886 558 3955 comminiscuntur,
584 3892 724 3944 metuant
748 3886 955 3954 sententiam,
987 3904 1079 3960 quum
1108 3886 1148 3945 de
1180 3884 1376 3961 blasphemis
1395 3881 1478 3942 l'ilius
1517 3909 1518 3970 p

347 4112 377 4175 l)
400 4109 518 4176 errores]
538 4109 686 4160 Sechend.:
706 4123 807 4162 naevos

350 4198 379 4264 2)
404 4196 544 4266 prohibet]
566 4196 713 4246 Srckend.:
735 4203 810 4248 vetat

347 4282 376 4347 3)
402 4282 561 4349 usurpatur]
582 4281 730 4332 Seckand.:
758 4289 906 4347 usurpatur

346 4366 376 4431 4)
400 4367 472 4432 lieri]
493 4366 645 4418 Sacrana:
667 4369 743 4431 sequi

344 4451 374 4514 5)
398 4469 509 4504 neccsse
538 4453 589 4502 luit
625 4453 685 4503 doc.
721 4453 923 4520 Evangeliunr,]
952 4453 1098 4508 Secherrd.:
1133 4455 1230 4504 docere
1260 4454 1420 4522 evangelium
1440 4463 1475 4496 ut·

266 4555 343 4590 cesse
365 4539 426 4601 luit,

345 4626 374 4690 6)
399 4625 470 4690 eam]
491 4627 563 4692 apud
583 4626 714 4680 Seokend.
735 4628 822 4678 deest.
