3072 5208
238 343 306 417 482
594 361 837 415 surrannunrn
862 363 946 415 auur
967 363 1108 416 raanan.

241 521 328 598 pium
362 522 445 600 quod
482 521 656 584 doctrinam
680 539 789 600 puram
815 531 846 586 et
869 522 1023 586 sinceram
1062 525 1228 586 custodiat.
1285 525 1455 586 Benenate.

240 627 302 687 Cal.
327 626 518 688 decembrio.

910 729 1076 824 Philippus
1100 731 1290 793 Melantlron.

243 1093 318 1154 llll.
1350 1093 1463 1153 illm.

1352 1183 1461 1207 M

241 1288 394 1381 Georyio
422 1288 596 1357 cracovia
628 1291 785 1378 iuniori,
809 1293 1006 1386 Magi-stro,
1029 1291 1171 1360 Stetioi
1198 1286 1302 1380 apud
1329 1295 1467 1378 patrem

757 1413 937 1483 versanti.

328 1591 397 1643 Vide
416 1591 606 1660 prolegomena
627 1593 660 1646 ad
679 1596 821 1664 epistolam
840 1613 885 1648 aa.
900 1595 960 1648 489.

302 1759 503 1823 Erudite'one
526 1774 558 1824 et
579 1768 703 1825 virtute
722 1768 916 1846 praestanti
936 1769 1099 1843 magistro
1122 1758 1268 1843 Georgia
1289 1758 1418 1824 kracov)

680 1872 787 1927 emico
809 1885 879 1929 ouo.
920 1865 1056 1932 Stetisti.

328 2023 359 2084 S.
382 2023 417 2083 Ι).
448 2022 535 2083 Duas
558 2022 670 2099 accepi
691 2021 854 2100 Epistolas
877 2025 1007 2086 alteram
1032 2023 1132 2100 patris
1155 2023 1202 2083 tui
1225 2023 1373 2106 γέροντος
1393 2017 1460 2082 aide·

239 2132 347 2210 σίμου,
370 2126 500 2188 alteram
524 2135 628 2196 luam,
659 2126 690 2186 in
713 2145 773 2202 qua
797 2127 939 2188 scribitis
962 2128 1089 2188 missam
1113 2141 1188 2187 esse
1212 2126 1388 2200 pecuniam,
1410 2124 1461 2183 Ser

241 2233 356 2309 opinor
379 2228 596 2292 loachimicos.
633 2231 791 2307 ligavero
818 2247 885 2291 eam
908 2232 1075 2308 pecuniam
1100 2248 1159 2290 non
1185 2228 1295 2306 accepi
1319 2226 1460 2302 necquis·

240 2351 330 2412 quam
354 2333 537 2396 tabellarius
560 2335 600 2396 ad
622 2351 672 2396 mc
697 2337 796 2406 venit,
832 2334 888 2411 qui
922 2341 1061 2396 rramaret
1096 2351 1131 2393 se
1157 2334 1322 2411 pecuniam
1346 2350 1365 2392 a
1387 2330 1461 2391 vobis

240 2441 373 2502 adlerre.
417 2438 484 2500 Erit
507 2438 603 2516 igitur·
627 2439 832 2514 inquirendus
856 2436 1040 2500 tabellarius
1075 2436 1126 2496 cui
1150 2438 1258 2497 literas
1283 2434 1414 2496 dedistis
1434 2439 1458 2490 el

239 2544 415 2619 pecuniam.
461 2543 544 2601 inter
569 2545 670 2602 bonos
696 2544 777 2602 bane
802 2541 898 2619 agier,
923 2539 1048 2601 dicebat
1069 2540 1191 2617 integra
1217 2546 1366 2600 vetustas.
1389 2538 1458 2598 Idem

240 2665 299 2708 nos
322 2660 494 2706 servemus.
532 2644 598 2722 Ego
622 2644 650 2704 si
673 2646 881 2722 accepissem,
904 2649 985 2706 bona
1007 2645 1070 2707 lide
1093 2643 1125 2703 id
1148 2645 1276 2714 faterer,
1300 2650 1333 2702 ei
1356 2641 1395 2702 iis
1416 2642 1458 2700 de·
1519 2699 1520 2728 ἢ

240 2749 360 2810 dissem
384 2747 494 2824 quibus
519 2748 648 2809 voluisti
670 2748 804 2811 solvere.
850 2751 925 2809 Nam
950 2748 1027 2808 milri
1051 2748 1127 2808 ninii
1151 2747 1259 2818 debes,
1291 2747 1355 2807 uisi
1376 2745 1458 2805 animi

241 2853 505 2912 benevolenciam.
551 2853 671 2912 Bellrun
697 2860 745 2913 est
768 2849 867 2916 xenon
889 2847 969 2914 cillo
992 2848 1075 2934 πρὸς
1096 2847 1205 2930 ἄλλον,
1233 2853 1313 2940 deus
1336 2851 1413 2927 pianr
1433 2855 1458 2905 cl

242 2954 408 3016 salutarem
445 2971 554 3032 pacem
591 2955 745 3018 restituat¹
790 2959 876 3017 Bene
900 2957 981 3016 vale.
1025 2953 1193 3032 imaginem
1228 2953 1345 3016 somnii
1374 2951 1457 3012 nostri
1518 2995 1519 3032 ᾖ

240 3053 302 3116 tibi
324 3055 426 3118 mitto.
475 3056 625 3119 Calendis
648 3059 779 3121 Martiis.

966 3179 1134 3258 Philippus
1158 3177 1348 3240 Melanthea.

327 3311 465 3372 Saluiam
490 3317 566 3389 opio
589 3311 728 3375 Antonio
752 3311 894 3394 nosl1·o.¹)

241 3671 312 3732 lae.
754 3729 756 3733 ,
1200 3675 1249 3733 21.
1263 3675 1326 3732 oo.
1344 3667 1458 3752 aaran)

1273 3758 1455 3788 Μ

266 3850 420 3945 Georqio
447 3852 619 3922 Graeceio
650 3853 801 3939 iuniori,
837 3848 1057 3946 Professori
1080 3848 1432 3946 cryptowotdenu.
1515 3887 1516 3898 κ

307 4017 378 4068 Vide
397 4018 593 4084 prolegomena
612 4019 648 4070 ud
667 4019 783 4072 aeddi).
806 4046 839 4058 ·-
865 4018 914 4070 (ie.
935 4017 1092 4073 cracoviam
1117 4019 1162 4070 illo
1185 4025 1314 4084 tempore,
1338 4033 1387 4082 quo
1404 4015 1456 4065 haee

343 4104 462 4169 epistole
480 4105 583 4172 scripta
603 4111 655 4171 eet,
681 4105 916 4172 Gryphiewaldiae
942 4105 1026 4158 luisse
1051 4103 1244 4168 Pr·aleaaorom‚
1277 4119 1311 4155 ex
1331 4105 1389 4170 ipsa
1411 4099 1454 4166 epi·

325 4190 410 4258 vatala
422 4191 490 4244 aetia
509 4192 581 4244 clare
594 4192 765 4260 intelligitur,
785 4194 947 4260 praesertim
967 4208 1000 4246 ex
1018 4193 1076 4245 eius
1094 4193 1210 4257 inaniri
1221 4189 1406 4243 Melanchtiron
1417 4197 1454 4250 pu

342 4275 500 4330 cracoviam
526 4277 557 4334 l).
582 4278 745 4345 Hieronymo
766 4278 871 4331 Oedaro
895 4280 1000 4332 Medico
1031 4280 1146 4332 salntem
1170 4278 1306 4345 impertit3
1333 4275 1375 4326 hie
1397 4269 1451 4320 enim

342 4369 401 4415 erat
418 4361 539 4416 Medicas
558 4365 704 4433 primarius
723 4364 805 4418 Ducis
824 4367 1009 4419 Pomerauiae.

241 4479 446 4495 *nt—a·-

343 4570 371 4638 l)
396 4570 515 4622 Salutem
533 4597 567 4610 -
586 4570 700 4638 nostro]
725 4573 795 4623 haee
812 4573 893 4624 verba
916 4569 1106 4622 iielaachthoa
1124 4576 1238 4638 propter
1256 4568 1392 4638 epistolem
1406 4562 1447 4611 iau

239 4659 359 4710 clausam
381 4658 454 4709 inira
471 4658 677 4728 inscriptionem
696 4663 836 4711 externam
854 4659 969 4712 addidit.
