3072 5208
428 371 674 424 enarrantium
695 370 776 422 aaut
798 372 872 425 rara.
1203 352 1270 423 ate

64 535 89 586 et
108 530 196 586 lucem
218 528 382 588 doctrinae
406 507 565 601 restituit,
589 545 651 602 qna
672 526 798 603 agnita,
827 525 986 588 neminem
1010 529 1078 586 vult
1101 535 1271 603 expectare
1311 539 1314 546 ’

64 633 190 690 humanas
213 631 414 707 cognitiones
437 637 492 691 aut
515 630 677 691 hominum
701 630 831 692 indicia,

131 732 238 792 Clamat
261 739 410 792 aeternus
434 739 526 808 pater
548 732 589 792 de
612 731 697 794 filio:
733 733 791 792 liic
822 741 870 794 est
901 732 987 794 illius
1010 748 1100 792 meus
1124 733 1271 800 dilectus,

63 835 131 894 llnnc
152 835 264 896 aridite.
318 836 352 896 Si
378 851 452 896 vere
483 838 649 898 statuimus
682 853 754 896 esse
778 839 879 898 Deum
909 836 1105 896 conditorem
1135 843 1168 894 et
1189 834 1270 895 iudi-

62 953 128 1006 cent,
150 955 184 997 ac
206 940 401 1014 patefactum
423 955 513 1008 esse,
539 948 571 1002 et
595 955 670 1000 vero
694 956 802 1000 amore
824 939 926 1000 nostri
949 939 1079 1000 misisse
1101 938 1213 1005 filium,
1236 943 1270 996 ut

60 1047 198 1119 aeternam
211 1041 387 1102 Ecclesiam
400 1041 423 1123 ¹)
448 1045 593 1119 colligat:
618 1043 691 1103 huic
715 1044 788 1102 eius
812 1043 957 1103 mandato
982 1043 1077 1102 etiam
1099 1041 1271 1117 parendum

59 1157 116 1201 esse
150 1142 374 1217 statuamusb,
411 1153 445 1204 ul
482 1147 583 1206 tilium
617 1147 731 1205 salutis
769 1153 895 1206 nostrae
928 1162 1025 1207 causa
1052 1145 1203 1212 missum,
1240 1149 1272 1204 et

59 1243 213 1306 illustribus
242 1247 457 1317 testimoniis,
488 1251 735 1310 resuscitatione
765 1256 975 1317 mortuorum,
1015 1257 1045 1307 et
1075 1248 1150 1308 aliis
1177 1247 1270 1308 mira-

59 1346 123 1408 culis
145 1350 395 1410 commendatum
416 1353 476 1410 toti
499 1352 612 1428 generi
635 1355 791 1421 humano,
815 1353 997 1421 audiamus,
1031 1353 1126 1426 eique
1151 1367 1272 1410 summa

59 1450 218 1511 reverentia
241 1452 438 1513 obediamus.

125 1554 186 1614 Hoc
209 1561 373 1616 aeternum
398 1565 429 1616 at
454 1556 651 1618 immutabile
681 1558 877 1618 mandatum:
912 1555 1001 1616 Hunc
1029 1553 1154 1624 audite,
1184 1560 1271 1616 ante-

59 1657 199 1718 lerentlum
224 1665 357 1719 estnon
382 1661 483 1720 solum
506 1662 678 1722 universae
702 1663 859 1720 humanae
882 1659 1063 1729 autoritati,
1096 1659 1153 1718 sed
1177 1660 1272 1718 etiam

59 1757 116 1816 aliis
138 1758 264 1842 rebus⁸)
289 1764 445 1831 omnibus,
470 1779 547 1838 quas
571 1765 717 1824 homines
741 1781 799 1824 suo
824 1764 934 1825 ordine
956 1769 1046 1822 recte
1056 1760 1082 1841 ⁴)
1110 1767 1271 1837 expetunt,

60 1860 127 1921 ritae
149 1873 293 1934 riostrae,
319 1866 539 1936 facultatibus,
563 1869 768 1944 imperiorum
792 1866 1033 1941 tranquillitati,
1063 1866 1146 1942 paci.

125 1982 186 2042 Non
210 1985 288 2053 leri,
312 2003 372 2045 non
397 1982 553 2066 ἄστοργοι
576 1989 723 2047 homines
748 1995 837 2047 erent
858 1985 1024 2063 Apostoli:
1049 1985 1105 2045 sed
1129 1985 1272 2060 patriam,

59 2089 80 2139 nt
101 2084 179 2144 cives
204 2087 237 2145 in
261 2089 391 2162 optimis
415 2090 547 2150 laniiliis
571 2091 653 2160 nati,
682 2090 855 2170 manime⁵l
886 2093 1048 2158 amabant,
1081 2089 1272 2146 veneraban-

58 2192 94 2242 tur
113 2190 277 2264 templum,
309 2193 340 2250 ln
365 2207 427 2266 quo
452 2209 487 2252 se
511 2193 599 2254 Deus
622 2193 721 2254 toties
745 2195 962 2270 patefecerat,
994 2199 1158 2265 totumque
1190 2189 1272 2249 ordi-

59 2303 114 2347 nem
135 2293 268 2366 poliliae
294 2295 457 2366 lrtdaicae,
483 2314 544 2371 qna
567 2298 712 2358 sciebant
734 2298 765 2357 in
789 2306 856 2358 toto
870 2312 989 2373 genere
1005 2295 1140 2356 humano
1156 2294 1273 2352 nullam

59 2405 116 2450 esse
144 2395 358 2470 pulchriorem
389 2397 550 2474 politiam,
579 2399 682 2476 magis
715 2418 808 2474 quarn
841 2399 938 2458 vitam
969 2415 1055 2457 suam
1086 2396 1272 2473 diligebant.

57 2493 184 2570 Denique
213 2507 326 2558 norant
353 2508 520 2575 utrumqne
549 2521 567 2562 a
598 2504 667 2564 Deo
699 2502 861 2579 praecipi,
898 2510 931 2562 ut
968 2516 1019 2560 res
1052 2504 1206 2560 obscurae
1236 2500 1274 2558 ad

59 2597 207 2674 collegium
231 2603 456 2673 'sacerdotum
495 2607 578 2679 quod
607 2607 788 2668 ministerio
820 2607 860 2666 ad
889 2605 1038 2678 templum
1073 2603 1273 2679 fungebatur,

60 2699 248 2771 referrentur,
278 2713 311 2762 et
334 2705 508 2766 iudicatum
531 2709 638 2777 fieret,
670 2717 703 2768 ut
726 2711 897 2770 Deuteron.
924 2709 970 2766 tt.
983 2704 1011 2786 ⁸)
1040 2706 1272 2781 scriptumest.

60 2799 87 2858 lli
107 2811 204 2865 tamen
230 2823 289 2865 nec
312 2808 451 2868 referunt
481 2811 521 2868 (le
545 2810 720 2888 Evangelio
754 2813 792 2871 ad
823 2812 856 2870 id
880 2810 1103 2892 consilium'),
1134 2825 1193 2868 nec
1220 2811 1274 2868 ob·

60 2911 214 2981 temperant
238 2911 482 2982 prohibentibus
506 2913 616 2990 spargi
641 2915 945 2975 nonum'doctrinae
969 2929 1086 2990 genus,
1112 2915 1187 2988 quia
1210 2916 1273 2973 ianr

59 3017 132 3069 antea
154 3013 319 3072 audierant
343 3031 454 3075 vocem
477 3016 602 3076 aeterni
627 3008 727 3093 patris
749 3005 790 3077 de
814 3018 898 3078 filio:
935 3017 1022 3077 Hunc
1045 3016 1163 3076 audite.
1211 3015 1274 3075 luto

60 3121 165 3183 norant,
188 3115 221 3174 iu
246 3113 384 3176 omnium
411 3121 637 3194 prophetarum
662 3121 871 3182 concionibus
896 3119 1041 3196 praecipi
1058 3121 1097 3179 de
1114 3120 1273 3180 audiendo

59 3211 172 3286 hessia,
208 3218 335 3278 etiamsi
366 3220 556 3290 Pontifices,
587 3223 707 3299 Reges,
744 3231 775 3285 et
804 3223 968 3300 Principes
1006 3222 1037 3281 ei
1075 3221 1273 3282 adversaturi

60 3326 163 3377 essent:
197 3325 230 3380 ul
260 3321 292 3380 in
319 3321 452 3382 Psalmis
479 3322 611 3385 dicitur:
647 3327 841 3386 Osculamini
870 3326 980 3385 lilium.
1033 3327 1127 3395 ltem,
1162 3325 1207 3384 Tu
1238 3341 1272 3384 es

60 3423 186 3483 sacerdos
210 3423 242 3483 in
267 3429 439 3485 aeternum.

126 3525 185 3584 Nec
207 3531 328 3586 tanturn
351 3526 407 3588 illa
431 3545 492 3588 vox
518 3529 668 3591 coelestis
692 3531 815 3591 aeterni
842 3531 950 3608 patris,
975 3517 1037 3591 aut'
1052 3529 1108 3589 ille
1131 3527 1216 3589 diota
1240 3530 1270 3588 in

59 3621 220 3700 Prophetis,
252 3631 292 3690 ad
317 3634 509 3708 Apostolos,
546 3641 598 3692 atrt
630 3637 855 3710 Apostolorum
888 3643 1030 3710 tempora
1062 3633 1274 3710 pertinebant,

59 3728 101 3784 tert
122 3732 157 3788 acl
180 3749 289 3794 omnes
311 3733 460 3794 homines
485 3738 628 3796 omnibns
653 3737 811 3798 aetatibus
834 3739 1005 3812 pertinent.
1053 3736 1169 3797 Audita
1193 3751 1272 3795 voce

59 3827 103 3888 ilii
123 3834 179 3895 llei
207 3834 237 3894 in
262 3835 454 3914 Evangelio,
486 3855 621 3900 necesse
653 3849 701 3899 est
732 3857 841 3901 omnes
874 3841 1016 3900 obedire.
1068 3841 1105 3900 Et
1129 3838 1184 3913 qui
1209 3857 1270 3898 non

59 3932 188 4006 audierit,
212 3937 317 4014 inquit
339 3939 442 4009 Dens,
467 3956 527 4016 ego
552 3944 637 4002 ultor
660 3957 723 4001 ero.
750 3945 753 3952 ’

128 4140 152 4206 l)
176 4151 314 4194 aeternam
335 4145 497 4212 Ecclesiam]
518 4145 670 4199 secheri:
689 4148 838 4200 Ecclesiam
859 4155 997 4199 aeternna

126 4228 152 4293 2)
176 4231 255 4282 etiarn
269 4246 330 4298 par.
343 4247 403 4284 esse
415 4234 589 4300 statuamus,]
611 4235 757 4286 Sarkana:
771 4235 923 4301 parendum
937 4234 1021 4284 etiam
1037 4249 1098 4285 esse
1115 4233 1270 4297 statuimus,

126 4313 152 4378 3)
176 4316 237 4366 aliis
256 4316 349 4383 rebus]
369 4317 518 4370 Sathena:
537 4321 618 4372 rebus
638 4322 699 4371 aliis

132 4403 151 4460 l)
174 4401 258 4466 recte]
280 4403 353 4468 apud
372 4403 505 4456 Secheud.
526 4408 612 4458 deest.

128 4486 153 4546 h)
176 4487 303 4552 maxime]
327 4491 397 4554 apud
418 4491 550 4542 Sarakene.
573 4493 661 4546 deest.

126 4573 153 4635 tt>
173 4571 317 4623 Deuteron.
338 4575 393 4640 lt]
414 4575 562 4628 Sericum:
587 4577 664 4628 Dent.
685 4578 716 4632 lt.

129 4657 154 4716 tt
176 4658 343 4724 consillum]
367 4661 513 4714 Sathena:
535 4662 693 4726 Concilium,
719 4691 721 4700 ν
