3064 5206
255 322 324 418 aaa
646 356 893 416 samununuri
911 361 994 414 auru
1020 361 1096 419 1111.
1150 409 1154 418 .

253 520 385 582 remus
413 521 523 597 ltaque
546 519 609 582 ium
630 520 692 582 Dei
715 496 828 598 gratia,
850 523 971 594 tuoque
992 499 1163 590 beneficio,
1186 521 1356 596 tranquillo
1378 537 1472 580 sumus

252 621 375 693 animo,
398 621 521 700 tibique
546 619 679 701 gratiam
702 639 760 702 pro
784 616 894 682 oiiicio
918 627 972 682 tuo
996 618 1150 683 habemus
1174 637 1301 694 omncs,
1331 629 1363 684 et
1384 625 1473 685 Deum

252 723 364 787 sedulo
395 745 452 804 pro
482 734 537 786 tuo
567 733 601 786 et
630 724 780 784 comitum
817 721 969 784 incolumi
998 731 1031 784 et
1060 725 1146 785 laeto
1178 722 1282 785 reditu
1315 741 1474 802 precamur.

251 827 320 889 tttsi
343 837 448 890 eutem
471 847 553 889 nunc
575 827 654 889 nihil
679 825 848 894 habebam,
883 825 967 900 quod
994 825 1183 896 scriberem,
1212 845 1282 888 cum
1306 833 1339 888 et
1361 827 1474 904 publice

254 937 286 992 et
306 929 392 992 domi
417 939 489 994 tuae
511 929 573 994 Dei
595 927 756 994 beneficio
780 928 886 990 omnia
904 913 968 989 siut
984 930 1170 1006 tranquilla,
1193 937 1314 1001 tamen,
1339 949 1404 994 cum
1421 932 1474 990 huc

252 1041 361 1095 essent
383 1035 499 1096 allatae
520 1033 635 1095 literae
661 1047 700 1092 ex
726 1029 846 1092 Salinis
869 1028 909 1090 de
933 1031 1087 1102 Corvino,
1112 1048 1194 1109 quae
1217 1049 1337 1096 moram
1359 1026 1473 1102 ‘tautam

250 1135 324 1198 (lum
346 1135 410 1198 huc
434 1130 573 1204 redires,
605 1136 752 1210 quautam
776 1145 815 1193 cx
838 1128 944 1193 nuntii
965 1118 1165 1195 sermonibus
1189 1143 1374 1211 poteramus
1396 1135 1472 1197 colli-

251 1253 346 1318 gere,
376 1242 458 1301 lerre
487 1253 548 1300 nou
580 1235 785 1306 videbantur,
816 1233 921 1297 visum
951 1243 1001 1297 est
1030 1253 1086 1300 eas
1116 1237 1216 1312 prima
1247 1255 1374 1316 quaque
1397 1257 1473 1300 ocra-

252 1339 345 1404 sione
368 1343 407 1404 ad
430 1349 463 1403 te
485 1341 619 1403 mittere.
678 1339 828 1400 Narrabat
849 1346 956 1399 autem
979 1337 1185 1412 tabellarius,
1210 1341 1422 1403 Coruinum
1441 1341 1472 1401 ab

251 1441 405 1528 Erico¹)
435 1451 559 1522 captum
592 1456 684 1514 esse,
715 1447 748 1500 et
770 1439 857 1518 piam
879 1441 1054 1512 dominam,
1089 1448 1221 1504 matrem
1244 1443 1390 1528 ducisf),
1418 1443 1472 1506 aui-

252 1547 336 1608 mam'
355 1564 470 1626 agere,
500 1555 532 1608 et
555 1545 620 1608 alia
641 1543 778 1608 addebat
801 1541 1008 1622 congruentia
1040 1543 1123 1616 illis,
1154 1563 1236 1622 quae
1258 1546 1417 1626 scripsisti
1437 1547 1469 1607 de

253 1646 394 1726 egregiis
418 1646 533 1726 pugnis
556 1645 695 1710 bominis
718 1643 867 1710 militaris
898 1643 994 1706 editis
1023 1645 1056 1706 in
1088 1645 1272 1724 Gynaeceo,
1303 1631 1472 1728 expugnato

252 1745 370 1810 scrinio
393 1749 533 1813 librario.
566 1749 708 1811 Euclidis
732 1749 825 1810 nobis
849 1749 950 1810 editio
973 1747 1067 1810 ualde
1091 1749 1228 1826 placuit,
1251 1738 1285 1811 et
1307 1751 1471 1814 iudicamus

250 1847 362 1912 utilem
386 1860 418 1913 et
440 1861 659 1930 gratum‘eum
681 1852 823 1913 laborem
846 1848 974 1912 ilhetici
998 1850 1203 1920 scholasticis
1225 1853 1302 1914 lore.
1345 1853 1472 1915 Salutem

252 1959 398 2030 optamus
419 1971 529 2016 omnes
547 1951 608 2016 tibi
632 1957 663 2013 et
685 1951 815 2015 domino
837 1953 875 2014 11.
900 1949 1063 2022 Maiori,
1092 1952 1223 2030 tuisque
1252 1954 1420 2017 comitibus
1447 1959 1473 2013 et

250 2053 443 2134 hospitibus.
478 2056 611 2118 Omnino
634 2063 741 2118 autem
763 2061 948 2116 reverenter
971 2053 1104 2116 salutari
1126 2063 1203 2134 peto
1228 2064 1352 2136 patrem
1380 2073 1473 2118 meum

250 2158 293 2224 et',
309 2150 471 2223 ilenriuum
492 2160 660 2222 Danielem
682 2158 899 2229 Ambrosium,
931 2163 963 2217 et
990 2156 1156 2234 hospitem
1184 2147 1346 2231 nostrum,
1362 2157 1472 2221 'ausum

249 2261 407 2322 anteferre
437 2269 571 2337 mustum
600 2263 775 2348 ligericum
796 2277 882 2348 uinea
903 2261 1040 2346 Franco,
1076 2268 1188 2325 contre
1217 2261 1369 2344 optimam
1397 2269 1473 2324 tuam

249 2363 564 2440 demonstrationem.
618 2365 706 2428 Bene
730 2365 802 2451 vale
833 2361 958 2426 alredi
982 2364 1089 2424 salvus
1113 2369 1146 2423 et
1169 2365 1290 2449 laetus,
1321 2364 1365 2425 mi
1392 2379 1471 2442 prac-

250 2473 369 2542 cepror.
413 2466 475 2528 ure
497 2455 703 2530 musanellus
728 2469 819 2529 islo.

1198 2572 1229 2634 P.
1248 2570 1379 2632 Eberus.

761 2649 968 2672 μ-α-ηιηοο-ιιιι-

250 2731 326 2834 599·
353 2739 408 2797 No.
422 2736 544 2798 letti:
576 2743 656 2814 (Vol.
668 2741 736 2799 vit
758 2758 785 2814 p.
801 2740 887 2812 519.)
1061 2749 1063 2755 ’
1132 2757 1137 2769 “
1277 2745 1363 2820 (anno
1377 2738 1470 2815 1549.)

354 2820 526 2850 Μ
1281 2827 1465 2855 Μ

638 2894 873 2972 Marabiuoia
897 2899 1104 2972 Ecolcriie,

278 3097 281 3104 ,
299 3028 389 3102 ‚Haec
408 2991 526 3096 epistola
545 3029 681 3082 inuenitur
699 3028 727 3078 iu
746 3027 866 3082 eonroui
883 3025 1116 3100 Schlllualburgii
1136 3031 1264 3100 catalogi
1281 3031 1470 3086 haereticorum

346 3113 415 3166 libro
434 3113 507 3166 Xlll.
527 3120 554 3166 et
571 3114 667 3167 ultimo
685 3111 871 3179 (Francoiorti
891 3113 966 3167 1599.
983 3112 1042 3179 8⁰.)
1061 3131 1087 3182 p.
1099 3116 1256 3170 tte-623.

247 3228 496 3310 (imiimi).
518 3225 675 3315 Philippi
703 3226 972 3295 Marmaricae
1001 3237 1164 3314 arripiam
1191 3233 1236 3296 ad
1261 3209 1470 3298 'Marciano

203 3427 219 3440 „
246 3333 435 3412 Ecclesiae,
447 3341 491 3408 u‘a
512 3355 576 3417 quo
598 3340 806 3418 reponitur,
831 3339 1037 3414 quaeritur,
1064 3337 1163 3400 salua
1184 3349 1296 3402 tamea
1316 3339 1470 3408 doctrina

335 3457 337 3460 ·
511 3441 673 3504 ecclcsiae
693 3442 845 3518 recipere
867 3448 1059 3504 reservare
1078 3446 1218 3522 possint.

330 3559 364 3620 lu
386 3565 473 3620 teuta
495 3557 711 3620 Ecclesiamm
733 3556 897 3620 moestitia
920 3564 954 3620 et
974 3559 1190 3637 dissipatione
1212 3563 1366 3640 optarim,
1390 3578 1468 3640 quam

246 3659 410 3737 minimum
437 3662 509 3722 fieri
538 3661 762 3722 mutationum:
795 3665 924 3738 semper
951 3661 1037 3724 euim
1057 3663 1254 3742 .=trauquillis
1284 3664 1469 3742 temporibus

246 3762 370 3840 anquiri
392 3771 441 3826 est
465 3765 496 3826 in
519 3762 696 3826 mutatione
719 3762 922 3824 incommodi.

276 3917 279 3924 ,
331 3866 418 3928 lluuc
440 3868 537 3930 multo
560 3866 663 3944 magis
686 3866 797 3928 dolore
817 3865 1012 3927 adliciuntur
1035 3868 1138 3930 banea
1158 3875 1302 3939 mentes,
1336 3886 1406 3930 aum
1430 3867 1468 3926 ui·

245 3967 321 4030 deni
344 3969 425 4029 tales
448 3966 639 4040 mutationes
670 3967 813 4040 institui,
848 3983 932 4044 quae
961 3967 1143 4056 significant
1172 3969 1410 4034 inclinationem
1435 3967 1469 4030 ad

171 4121 175 4132 .
245 4068 400 4132 inimicos·
417 4078 561 4142 nostros,
585 4087 665 4146 quos
689 4077 808 4132 certum
833 4076 883 4132 est
904 4071 1080 4135 delendere
1103 4072 1239 4136 vitiosos
1262 4075 1385 4145 cultus,
1409 4089 1467 4151 pro-

246 4177 323 4247 pter»
340 4171 422 4235 hauc
444 4171 663 4237 inclinationis
687 4173 872 4250 opinionem
900 4172 1097 4251 triumphant
1121 4182 1151 4236 ct
1175 4177 1397 4238 confirmantur
1416 4170 1466 4235 iui-

245 4306 449 4330 -nto-*z-u-u-tvbp
549 4315 564 4328 a·

255 4418 261 4436 ,
332 4377 361 4448 l)
384 4377 478 4442 Erico,
494 4375 573 4428 ¹Iluro
588 4376 811 4442 bureburgensi,
830 4377 904 4430 corii.
921 4377 987 4431 Dav.
1006 4377 1126 4435 Sobuleii
1143 4379 1342 4446 Prolagomena
1357 4380 1390 4432 ad
1405 4377 1466 4429 illam

246 4466 311 4527 Ant.
330 4462 439 4526 Coruini
458 4463 603 4530 epistotam
629 4463 656 4514 (1.
675 4463 718 4516 ao.
739 4461 815 4530 Sept.
837 4464 912 4516 1549.
947 4461 1152 4517 Melanchthoul
1175 4467 1307 4536 scriptam
1332 4467 1387 4532 (ao.
1403 4458 1465 4524 3³7.)

245 4551 273 4601 in
293 4548 399 4616 lilgenii
418 4549 647 4618 premeridibus
667 4550 731 4602 anni
751 4549 826 4607 1832.
846 4550 914 4603 laec.
928 4550 963 4600 ll.
982 4566 1011 4618 p.
1023 4551 1083 4603 226.

269 4619 281 4640 ”
331 4635 361 4705 2)
387 4626 588 4702 Elisabethum‚
607 4635 709 4706 prioris
728 4635 806 4688 ducis
823 4635 942 4690 uiduam.
