3072 5208
485 417 727 470 serenianum
750 417 832 469 xum
853 421 927 472 rara.
1258 399 1323 471 ets

103 575 203 634 multos
225 589 349 636 errores
373 582 566 652 sparserunt.
600 575 638 634 Et
661 591 759 634 coeca
781 574 948 634 multitudo
973 575 1067 634 facile
1091 577 1214 650 eapitur
1234 577 1321 651 plau-

102 675 179 735 sibili
201 675 358 744 doetrina‚
383 691 466 751 qnae
490 677 596 736 stultis
621 675 799 737 adfectibus
823 677 988 737 blanditur.

175 777 288 838 llomm
311 778 432 840 iudicia
455 787 486 837 et
511 779 658 856 exempta
680 797 742 839 uon
767 780 942 839 tribuantur
956 779 1123 840 Ecclesiae
1138 779 1207 840 Dei.
1245 779 1322 838 Nam

101 887 128 937 et
147 879 301 956 praedixit
325 899 388 942 vox
412 883 535 950 divina,
567 900 626 941 uon
660 881 761 942 solum
794 883 910 941 multos
941 889 1031 943 extra
1054 881 1230 942 Ecclesiam
1260 882 1322 942 Dei

99 981 294 1060 Evangelinm
317 991 558 1062 oppugnaturos
583 999 674 1053 esse,
706 987 818 1058 qrrntes
849 992 920 1044 simt
951 982 1132 1061 Ethnici¹),
1162 981 1321 1044 Mahome-

98 1083 201 1152 tistae,
224 1085 278 1144 sed
304 1084 400 1146 etiam
425 1087 455 1146 in
480 1088 541 1146 hoc
566 1087 636 1162 ipso
661 1093 773 1156 coetu,
808 1087 860 1160 qui
885 1086 1011 1147 titulum
1036 1088 1131 1146 habet
1155 1084 1323 1148 Ecclesiae

96 1187 164 1255 Dei,
194 1203 337 1265 magnam
361 1192 429 1250 lora
453 1188 687 1250 multitudinem
718 1188 940 1266 l'ascinatnm')
972 1190 1079 1266 prauis
1104 1188 1321 1264 opinionibus,

98 1295 125 1346 et
145 1305 163 1348 a
185 1305 256 1352 vera
280 1291 484 1354 invocatione
507 1296 713 1352 aberrantem.

171 1395 213 1453 Ac
235 1395 345 1455 Petrus
368 1415 426 1457 nos
450 1395 488 1456 ad
513 1397 693 1470 exemptum
716 1395 931 1455 israelitarum
958 1395 1102 1472 deducit:
1126 1397 1264 1455 Fuerunt
1288 1401 1322 1453 et

97 1495 386 1574 pseudoprophetae
411 1501 442 1560 in
468 1501 601 1576 populo,
634 1497 682 1559 sic
712 1498 796 1558 inter
826 1515 884 1558 vos
915 1505 1014 1558 erunt.
1066 1497 1188 1570 Quanta
1217 1499 1320 1560 multi-

84 1585 161 1657 'tudo
190 1601 256 1660 iere
285 1590 430 1662 omnibus
461 1583 658 1679 temporibus
688 1601 719 1660 iu
750 1585 847 1660 lsrae'l
879 1597 966 1661 idola
992 1599 1099 1661 coluit.
1156 1601 1193 1662 Et
1218 1617 1320 1662 sacer-

96 1699 176 1761 dotes
198 1704 279 1778 ipsi,
314 1706 369 1779 qui
393 1703 441 1786 (ut
465 1723 546 1765 nnnc
568 1707 741 1778 loquuntur
763 1700 925 1784 homines)
952 1703 1144 1763 ordinariam
1167 1706 1319 1781 guberna-

95 1801 202 1865 tionem
224 1810 392 1876 tenebant,
418 1825 492 1868 vera
515 1806 675 1868 sacrificia
700 1807 937 1881 depravabant,
962 1813 993 1864 et
1017 1825 1073 1881 pro
1099 1805 1223 1866 iustitia
1243 1807 1319 1867 fidei

96 1913 244 1968 externam
269 1909 455 1984 hypocrisin
480 1911 730 1971 ceremoniarum
752 1909 925 1976 docebant,
951 1925 1043 1982 qrrarn
1058 1925 1126 1968 cum
1142 1907 1319 1982 Prophetae

95 2013 242 2080 laxarent,
267 2012 423 2082 saevitia,
447 2021 480 2073 ut
506 2028 737 2088 huncquoque
761 2014 811 2080 iit,
837 2013 965 2072 exarsit.

169 2113 204 2171 Et
227 2122 300 2191 post
323 2115 527 2185 blacabaeos,
558 2133 627 2174 curn
660 2123 769 2174 sectae
792 2116 876 2174 dnae
899 2131 1051 2175 summam
1076 2115 1252 2190 potentiam
1274 2121 1319 2172 te-

96 2223 209 2284 nerent,
244 2216 408 2279 Pharisaei
442 2229 473 2277 et
503 2217 698 2285 Sadducaei,
733 2219 825 2277 lateri
857 2233 993 2276 necesse
1023 2210 1088 2284 est',
1124 2234 1185 2276 non
1217 2217 1319 2276 solum

17 2303 18 2362 ἶ
97 2331 202 2386 paitcos
233 2319 264 2378 in
298 2321 409 2397 vulgo,
443 2323 498 2380 sed
531 2337 674 2398 magnam
705 2322 825 2379 turbam
858 2318 1073 2386 sacerdotum,
1110 2320 1318 2394 interpretum

96 2415 182 2491 legis,
206 2421 361 2492 indicum,
385 2425 477 2483 tetris
502 2423 663 2483 erroribus
687 2422 883 2496 inquinatam
905 2419 1016 2481 fuisse.

168 2522 252 2583 llaec
276 2541 345 2584 cum
369 2526 545 2586 acciderint
569 2526 602 2586 in
626 2525 689 2585 illa
705 2539 802 2602 parva
825 2526 956 2601 politia,
982 2538 1064 2598 quae
1088 2538 1201 2582 nervos
1222 2522 1317 2583 disci-

96 2620 191 2692 plinae
214 2628 323 2702 plures
347 2630 473 2698 habuit,
506 2645 597 2703 quam
622 2628 767 2689 Ecclesia
803 2627 949 2704 dispersa
982 2644 1063 2687 nunc
1087 2627 1119 2686 in
1143 2625 1317 2686 barbaricis

97 2722 245 2800 imperiis,
279 2732 456 2807 cogitemus
486 2740 517 2790 et
547 2734 629 2792 hanc
658 2739 850 2807 postremam
881 2728 987 2790 mnndi
1019 2735 1178 2788 senectam
1210 2727 1318 2788 multis

95 2828 200 2888 morbis
223 2839 255 2889 et
279 2832 404 2892 deliriis
428 2833 597 2894 obnoxiam
623 2850 713 2903 esse,
739 2841 770 2892 et
791 2831 971 2908 Prophetae
996 2833 1157 2906 querelam
1181 2831 1319 2892 adhaec

96 2931 190 2990 secula
213 2948 341 3008 quoque
365 2935 543 3011 pertinere,
574 2936 629 3010 uni
652 2935 712 2994 aitt
747 2933 817 2993 Nisi
840 2933 995 2995 Dominus
1017 2931 1203 3006 reliquisset
1227 2931 1318 2993 nobis

95 3043 207 3103 semen,
237 3034 321 3096 sicut
344 3039 481 3100 Sodoma
510 3039 586 3099 iacti
618 3053 769 3098 essemus.
826 3039 890 3098 lmo
922 3036 998 3110 quid
1027 3044 1090 3095 tam
1122 3034 1228 3095 simile
1258 3043 1318 3105 est,

96 3146 174 3202 quam
196 3136 451 3201 Sadducaeorum
475 3141 613 3218 agmini,
635 3140 787 3217 Epicurei
810 3139 981 3199 Pontifices
1007 3146 1039 3197 et
1059 3139 1260 3208 sasenates,
1286 3148 1318 3197 et

96 3231 279 3312 Pharisaeus,
311 3243 483 3304 sacrificuli
508 3251 538 3302 et
561 3241 726 3310 monachi,
761 3243 815 3316 qui
846 3259 921 3302 suos
945 3243 1025 3302 ritus
1048 3242 1081 3300 iu
1106 3247 1241 3315 quaestu
1264 3243 1317 3300 ha-

96 3335 180 3398 benti
210 3341 274 3403 nisi
306 3346 390 3420 quod
419 3346 585 3420 aliquante
614 3347 687 3422 plus
717 3345 849 3422 pudoris
881 3343 914 3403 in
938 3344 994 3403 illa
1018 3343 1131 3420 politia
1153 3340 1318 3422 ludaica¹)
1348 3383 1351 3388 -

95 3437 183 3501 inisse
206 3454 456 3508 consentaneum
480 3457 546 3516 est,
577 3465 670 3522 quam
700 3465 781 3508 nunc
813 3452 862 3506 ast
893 3446 925 3505 in
957 3445 1106 3522 collegiis
1130 3444 1316 3516 Pontificiis,

96 3547 120 3596 et
141 3551 346 3610 monasteriis.
399 3551 494 3612 Erant
517 3553 600 3612 enim
623 3551 746 3618 mariti,
777 3559 808 3610 et
838 3549 1044 3610 domesticam
1075 3547 1279 3623 disciplinam
1291 3545 1318 3627 ⁴)

95 3649 238 3723 utcunque
262 3654 446 3724 tuebantur,
472 3663 503 3715 et
526 3653 630 3715 minus
655 3661 743 3714 erant
769 3654 877 3714 otiosi.

164 3751 205 3810 At
230 3769 348 3828 parvos
380 3773 516 3825 naevos,
547 3758 693 3831 inquiunt
726 3757 885 3823 nonnulli,
918 3762 950 3814 et
973 3751 1099 3828 aliquas
1122 3753 1318 3813 aniculamm

95 3843 220 3925 ineptiae
243 3857 498 3932 reprehenditis,
524 3875 622 3934 quas,
645 3860 707 3918 nisi
734 3861 851 3918 essetis
874 3858 970 3918 nimis
993 3854 1114 3916 morosi
1138 3863 1169 3914 et
1192 3857 1317 3934 μεμψί-

94 3972 208 4031 μοιροι,
231 3957 481 4022 dissimularetis
506 3970 637 4038 propter·
659 3977 856 4022 communem
881 3958 1090 4020 concordiam.
1136 3957 1209 4017 Plus
1231 3955 1316 4017 enim

95 4065 175 4116 nocet
190 4062 259 4121 orbi
275 4062 456 4126 Christiano
472 4073 536 4124 tam
552 4073 645 4126 atrox
658 4063 838 4133 dissidium,
854 4079 947 4137 qnam
963 4063 1041 4122 illae
1057 4062 1145 4119 leves
1161 4058 1315 4136 ineptiae,

96 4169 165 4226 tuae
186 4169 339 4224 taxantur.
375 4167 441 4226 Nec
462 4167 522 4226 luit
544 4185 680 4242 annixam
702 4169 767 4227 ulla
792 4173 896 4234 aetas,
927 4181 986 4224 nec
1011 4163 1072 4224 erit
1088 4163 1120 4222 in
1137 4165 1196 4222 hac
1214 4159 1315 4221 homi-

95 4274 155 4320 num
177 4262 376 4335 infirmitate,
398 4269 472 4329 sine
495 4269 602 4330 multis
625 4269 746 4330 morbis
770 4278 801 4328 et
824 4266 1137 4328 hallucinationibus.

168 4433 195 4498 l)
219 4434 356 4505 Eranam]
380 4437 528 4490 sentienda
550 4442 670 4503 ethnici,
689 4441 792 4499 ludaei,

167 4519 195 4586 ⁴2)
219 4523 396 4591 fascinatam]
417 4523 563 4596 Seckend.:
585 4527 780 4580 lancinatorum

168 4606 195 4667 3)
220 4609 317 4673 politia
339 4609 461 4678 ludaico]
481 4611 631 4664 Sec-hena:
653 4615 765 4664 ludaico
783 4612 880 4678 politia

168 4690 197 4756 4)
220 4694 399 4745 domesticam
420 4695 606 4763 disciplinam]
627 4698 776 4749 Sericum:
804 4698 978 4762 disciplinam
996 4698 1176 4748 domesticam
