3116 5212
221 247 293 355 eet·
739 282 949 358 uranu

222 445 306 536 qnae
328 447 490 532 asperiora
514 459 701 549 contineret'
738 468 843 522 tamen
877 457 932 536 pio
956 459 1020 518 fine
1049 447 1462 532 seu‘prbpoiito'exeoseri

222 561 307 640 apud
329 559 477 624 candidos
501 562 642 623 deberet.
688 559 802 636 oolhto
835 561 918 625 dieis
953 578 1002 622 rna
1033 559 1368 622 novam'dcoasionem
1391 574 1459 621 con·
1542 619 1543 640 ἶ

222 656 374 727 te'nden'di
399 682 439 726 ex
463 666 692 728 instauratione
715 665 891 730 Mmorismi
925 677 1088 743 quaerere.
1133 657 1217 726 Dura
1239 662 1303 726 ista
1325 671 1398 724 sunt
1432 667 1464 723 et

222 772 259 831 ab
284 769 357 849 ipsa
378 769 516 832 veritate
540 769 706 832 manileste
730 776 950 850 coarguuntur.
996 770 1031 832 Si
1068 768 1152 830 enim
1187 755 1383 830 contendere
1411 784 1463 828 cu·

224 890 344 952 peram,
377 892 441 934 non
468 877 515 934 t'ot
536 874 624 948 pacis
650 873 719 936 vias
742 876 804 937 hoc
826 889 908 939 enno
932 874 1178 952 excogitassem,
1211 877 1244 932 et
1276 874 1340 930 tem
1362 868 1467 932 molti·

223 978 352 1057 pliciter
373 967 598 1039 solicitassem.
642 977 758 1039 Verum
782 976 948 1040 evidentia
970 968 1063 1040 meae
1086 975 1258 1038 voluntatis
1282 971 1402 1035 indicia
1430 971 1464 1033 in
1542 1021 1543 1030 ,

223 1075 329 1159 priori
343 1072 485 1159 Epistola
509 1082 653 1154 exposui.
697 1076 850 1143 Maiorem
872 1097 949 1144 uera
972 1081 1167 1142 resuscitare
1189 1081 1251 1141 hoc
1271 1072 1465 1149 ilicendihm
1542 1121 1543 1162 3

222 1193 295 1260 post
318 1189 366 1246 tot
381 1181 594 1246 Ecclesiamm
618 1197 777 1257 censuras,
802 1172 969 1248 manifeste
993 1192 1024 1247 et
1048 1183 1279 1246 inexcusabilis
1297 1183 1465 1258 eaperien·
1542 1179 1543 1232 i

225 1289 269 1348 tia
291 1275 394 1350 docet.
440 1285 515 1348 Nam
554 1288 585 1348 in
608 1277 919 1352 Vestra'Academia
951 1285 1083 1366 publice*
1111 1290 1192 1349 hanc
1212 1275 1467 1362 propositionem

222 1393 368 1464 dictavit,
393 1381 427 1452 et'
448 1377 511 1454 iani
535 1391 666 1455 eandem
689 1393 721 1453 in
745 1391 899 1454 Homiliis'
919 1392 985 1456 suis
1010 1389 1357 1454 ex'VestraAcadernia
1380 1391 1468 1450 evul-

223 1496 325 1577 gavit,
349 1499 381 1559 in
403 1491 584 1558 universam
606 1491 782 1557 Ecclesiam
807 1490 923 1558 Christi
946 1496 1073 1572 sparsit,
1107 1502 1216 1572 typum
1239 1489 1403 1556 doetrinae
1426 1493 1466 1552 de

223 1608 377 1680 suggesto
401 1599 638 1676 proponendum
663 1597 751 1684 (ideo
776 1603 861 1664 enirn
882 1601 1034 1676 postillae
1059 1588 1140 1664 istie
1164 1595 1356 1682 scribuntur)
1377 1601 1468 1672 prae

223 1705 360 1781 scripsit,
396 1707 472 1766 Cum
499 1710 534 1765 tu
557 1705 718 1781 ceterique
742 1705 898 1784 Theologi
921 1708 954 1767 in
976 1707 1092 1768 Vestra
1114 1704 1288 1768 Academia
1320 1718 1394 1762 eum
1418 1717 1465 1762 re·

223 1812 362 1885 primore
386 1815 419 1870 et
443 1807 614 1868 cohercere
638 1807 788 1870 facillime
810 1811 1002 1884 potuissetis
1024 1826 1061 1872 ao
1083 1809 1296 1877 debuissetis,
1332 1821 1374 1866 ue
1409 1802 1467 1865 llo-
1542 1849 1543 1852 ,

220 1914 351 1976 elesiarn
363 1913 482 1974 Christi
504 1913 653 1981 turbaret,
674 1918 705 1972 et
729 1911 888 1974 eiusmodi
909 1911 1148 1975 interimistieas
1161 1911 1356 1985 corruptelas
1378 1923 1466 1986 sper·
1542 1895 1543 1902 '

223 2021 324 2095 geret,
347 2033 410 2077 non
433 2013 568 2077 lecistis.
612 2015 719 2091 ltaque
743 2017 906 2092 inquietus
930 2018 1045 2078 Vester
1067 2017 1167 2080 Maior
1190 2031 1232 2076 ex
1254 2014 1368 2076 Vestra
1389 2016 1466 2073 Aca-
1542 2045 1543 2048 =

225 2122 330 2184 demia
351 2120 548 2196 redintegrat
572 2116 740 2193 proelium,
765 2118 816 2180 oui
839 2121 932 2192 elios,
948 2119 1063 2198 quibus
1086 2137 1148 2180 non
1173 2119 1275 2181 minus
1299 2131 1393 2192 quarn
1405 2115 1467 2174 Vo-
1542 2123 1543 2130 ’

222 2225 272 2288 bis
294 2221 469 2286 mandatum
492 2228 552 2294 est,
568 2221 818 2284 contradicentes
842 2223 1046 2303 convincere,
1065 2238 1199 2287 necesse
1224 2224 1273 2282 est
1298 2221 1465 2282 resistere.

224 2330 297 2390 Odit
320 2326 404 2389 enim
428 2333 459 2388 et
482 2333 648 2388 execratur
670 2327 783 2388 merito
818 2335 886 2389 tole
906 2325 1053 2390 Ecclesia
1076 2328 1192 2389 Christi
1226 2326 1308 2388 hene
1330 2323 1467 2400 papisti-

223 2451 291 2496 oam
314 2430 478 2510 ipsiusque
502 2428 691 2492 Antichristi
716 2447 835 2492 vocem.
881 2431 999 2496 Concio
1023 2431 1120 2494 Menii
1149 2433 1189 2493 de
1212 2432 1316 2492 salute
1350 2427 1384 2488 in
1407 2425 1466 2486 mi·
1542 2489 1543 2504 ἶ

224 2539 308 2599 nima
328 2537 430 2598 forma
451 2535 549 2604 edita,
586 2549 676 2611 quam
710 2541 747 2595 tu
779 2535 932 2610 probasti,
970 2537 1113 2598 continet
1144 2551 1206 2598 non
1227 2537 1348 2596 tanturn
1381 2533 1467 2593 bona
1542 2587 1543 2624 ἦ

224 2653 322 2716 opera
356 2655 394 2698 ac
427 2654 540 2698 novam
565 2636 777 2698 obedientiam
813 2654 888 2700 esse
921 2641 1116 2701 adsalutem
1139 2635 1371 2708 necessariam,
1407 2635 1463 2694 sed
1542 2659 1543 2716 f

224 2746 319 2807 etiam
342 2759 401 2803 nos
424 2743 530 2803 lacere
563 2755 603 2802 ex
624 2741 716 2804 tionis
738 2741 889 2817 operibus
911 2743 1106 2818 Adiaphora‚
1143 2743 1206 2804 llos
1240 2741 1358 2802 docere
1396 2754 1464 2800 cum
1542 2741 1543 2744 ’

221 2845 400 2910 tanausis:
443 2845 520 2922 thur
553 2855 612 2910 aare
635 2848 671 2910 ta
695 2849 767 2921 etit,
801 2863 858 2912 aar
887 2848 939 2913 Ca
960 2865 1013 2913 aar
1036 2847 1150 2929 plauti,
1183 2849 1210 2925 lo
1231 2848 1278 2924 lte
1301 2847 1368 2910 ottae
1388 2843 1465 2920 teht,
1542 2865 1543 2934 j

224 2950 307 3027 quae
331 2948 461 3026 quidem
484 2947 639 3012 calumnia
661 2957 745 3012 tetra
767 2954 817 3012 est
841 2958 872 3013 et
895 2953 986 3015 nobis
1010 2953 1098 3014 nullo
1121 2952 1214 3013 modo
1238 2949 1377 3010 ferenda.

310 3053 406 3113 Sexto
442 3049 490 3112 ais
527 3058 560 3112 te
595 3054 723 3132 cedere,
757 3055 859 3116 foisse
883 3057 976 3116 etiam
998 3055 1129 3118 Aiacem
1152 3057 1343 3123 contentum,
1381 3050 1464 3128 quod

226 3157 342 3218 Hector
364 3154 428 3217 sibi
451 3155 640 3218 devictoria
663 3158 807 3219 cesserit.
843 3157 929 3220 Satis
952 3176 1030 3222 serre
1051 3156 1112 3220 luit
1136 3157 1226 3221 Aiaci
1248 3154 1383 3234 gloriam
1404 3156 1463 3216 ior·
1542 3165 1543 3180 l

225 3257 373 3320 titudinis
395 3256 460 3319 sibi
483 3259 615 3338 suisque
637 3261 809 3338 quaerenti,
848 3264 932 3342 quod
955 3265 1111 3340 superbus
1134 3267 1325 3342 provocator
1358 3257 1463 3334 iuspe·
1542 3317 1543 3334 ἶ

224 3366 330 3424 etante
352 3359 487 3440 utroque
513 3363 667 3437 exercitu,
691 3366 753 3443 ipsi
776 3367 919 3433 cesserit.
943 3368 1037 3429 ideae
1061 3384 1136 3430 vero
1161 3362 1388 3435 conscientiae,
1411 3363 1464 3441 qui

226 3467 324 3544 (quod
345 3468 432 3529 Deus
466 3466 556 3527 novit
594 3474 625 3530 et
658 3485 729 3531 mea
751 3472 888 3548 plurime
908 3473 1012 3544 lacte,
1047 3471 1297 3545 tristissimaque
1320 3474 1464 3544 tempora

225 3565 368 3648 suseepti
387 3572 573 3635 certaminis
595 3577 762 3653 testantur)
796 3593 858 3636 non
881 3573 1014 3654 gloriam
1038 3582 1090 3638 aut
1118 3573 1296 3652 triumphos
1334 3585 1463 3649 quaem.

225 3675 282 3735 sed
318 3679 437 3736 tantum
474 3677 749 3740 conservetiohem
772 3677 915 3742 veritatis
951 3685 982 3742 et
1017 3677 1217 3742 eversionem
1239 3675 1370 3746 erroris,
1404 3673 1464 3734 isla

227 3776 365 3838 verbalis
388 3781 420 3839 et
441 3781 573 3840 obscura
595 3781 712 3852 cessio,
737 3798 818 3858 quae
848 3790 880 3843 et
903 3783 987 3845 cedit
1022 3791 1054 3844 et
1078 3782 1211 3846 minatur
1239 3797 1324 3844 nova
1345 3776 1463 3856 scripta

226 3883 258 3939 et
295 3894 435 3942 errorem
469 3879 572 3942 valide
597 3883 814 3948 confirmatum
846 3895 909 3948 non
931 3885 1033 3959 tollit,
1069 3885 1269 3948 nullomodo
1300 3881 1462 3945 satisfacit
1542 3899 1543 3904 ¹

224 3982 315 4044 Adde
338 3983 421 4060 quod
443 3983 579 4048 subinde
600 3991 706 4048 tamen
729 3989 875 4069 aspergis
900 4007 959 4052 nos
980 3998 1014 4053 te
1037 3990 1205 4060 criminari,
1224 3991 1257 4050 et
1278 4005 1297 4050 a
1320 3985 1463 4050 erimina·

225 4087 366 4152 tionibus
381 4089 499 4151 debere
510 4091 682 4164 desistere,
694 4091 774 4155 haee
790 4113 852 4157 non
875 4101 946 4158 sunt
958 4093 1080 4158 indicta
1102 4093 1246 4156 cedentis
1257 4091 1462 4174 poenitentis,

226 4192 284 4252 sed
319 4193 522 4256 defendentis
544 4202 687 4272 peccata.
732 4197 834 4271 Quare
856 4199 988 4278 propter
1003 4199 1162 4264 Christum
1185 4209 1219 4265 te
1241 4214 1308 4274 oro,
1332 4201 1462 4262 obsecro

225 4312 262 4354 ac
284 4297 435 4367 obtestor,
459 4303 495 4357 ut
517 4297 557 4358 de
579 4299 732 4360 tollendis
754 4301 913 4364 erroribus
934 4319 978 4365 ex
998 4304 1144 4367 Ecclesia
1163 4306 1285 4370 Christi
1310 4308 1398 4370 serio
1432 4311 1462 4372 iu

225 4398 339 4460 timore
361 4398 420 4460 Dei
443 4399 623 4477 cogitemus
646 4419 683 4464 ac
705 4404 894 4468 laboremus.
938 4406 1132 4472 Sidicinum
1153 4410 1332 4480 mandatum
1367 4429 1461 4473 ano·

225 4497 278 4560 bis
299 4500 432 4578 flagitat,
466 4506 501 4562 ot
524 4519 650 4568 errores
673 4521 710 4570 ae
732 4509 877 4572 scanoalo
914 4513 1073 4600 aCynieo
1095 4512 1150 4575 illo
1185 4519 1239 4583 eut
1261 4516 1396 4592 bituano
1430 4517 1459 4578 in

225 4601 291 4663 alio
316 4618 420 4678 paene
443 4607 520 4667 orbe
543 4625 654 4686 sparsa
675 4611 835 4684 tollamus,
859 4615 956 4676 multo
980 4617 1122 4691 prolecto
1144 4615 1245 4696 magis
1268 4620 1407 4698 flagitat,
1428 4625 1459 4680 ut
