3116 5212
275 391 339 464 552
833 409 1013 464 arrarum

278 569 405 646 moesti,
429 577 462 634 ot
485 574 526 634 ob
550 585 628 648 quas
650 575 683 634 te
717 572 956 635 accasaientia
988 573 1180 650 reprehendi
1214 577 1318 638 lassus
1339 595 1384 640 es.
1426 577 1497 639 Nihil

276 677 329 740 hie
351 675 493 739 mentior.
537 675 651 755 Cogita
673 678 725 737 vel
755 675 831 738 illud
853 678 991 750 unicum,
1032 679 1117 756 quod
1151 678 1227 740 mihi
1263 681 1362 742 semel
1395 680 1498 752 dixisti,
1538 657 1539 720 i

276 785 320 845 Te
343 797 442 859 saepe
465 781 615 860 cogitare,
637 780 722 858 qnod
743 779 891 843 divinitas
928 781 991 844 ista
1012 781 1120 844 scabie
1151 787 1189 846 ob
1212 787 1399 862 praesentes
1420 788 1499 846 actio·

278 901 336 948 nes
358 883 508 962 puniaris.
552 887 649 958 Quam
672 901 770 963 saepe
793 899 867 946 vero
897 883 985 956 mihi,
1021 887 1202 966 Crucigero,
1236 896 1268 950 et
1291 889 1365 950 aliis
1388 887 1498 959 dixisti,

277 987 438 1052 Neminem
472 991 557 1050 bona
579 987 773 1050 conscientia
796 988 1080 1052 deliberationibus
1117 991 1158 1053 de
1193 989 1263 1056 istis
1286 991 1498 1054 mutationibus

275 1095 435 1156 interesse
456 1109 564 1170 posse.

214 1311 215 1314 Ἴ
361 1232 428 1290 Tuti
458 1226 512 1288 illa
544 1232 607 1288 tam
629 1228 710 1289 mala
733 1226 851 1305 scripta
873 1231 1046 1307 Augustam
1070 1229 1169 1292 missa
1197 1234 1229 1292 et
1251 1236 1442 1294 attraxerunt
1462 1233 1497 1293 ln-

275 1333 378 1412 terim,
405 1339 438 1394 et
460 1332 521 1393 iarn
544 1332 663 1408 ubique
686 1335 881 1409 promovent,
908 1338 940 1394 et
963 1335 1076 1397 multos
1098 1335 1197 1398 fortes
1220 1335 1420 1398 Christianos
1440 1353 1497 1414 pas-

276 1438 337 1498 sim
363 1438 395 1498 in
417 1434 534 1498 Suevia
558 1441 590 1495 et
612 1435 691 1497 alibi
721 1443 935 1514 expugnarunt
965 1443 1006 1498 ·et
1028 1439 1132 1501 adhuc
1155 1446 1348 1518 expugnant,
1372 1441 1499 1516 istaeque

274 1551 350 1602 luae
372 1536 601 1616 disputationes
623 1539 663 1602 de
686 1539 886 1616 Adiaphoris‚
920 1557 995 1602 uere
1029 1540 1150 1618 ubique
1173 1543 1256 1620 pias,
1294 1545 1379 1605 sicut
1415 1550 1444 1604 et
1472 1547 1498 1604 tn

276 1646 347 1720 ipse
370 1642 492 1712 fateris,
514 1639 760 1719 languelaciant,
782 1649 816 1704 et
839 1641 954 1720 impios
976 1645 1161 1706 confirmant
1195 1653 1228 1706 et
1250 1653 1381 1712 armant.
1424 1645 1499 1707 Talia

276 1753 405 1824 tamque
419 1745 584 1808 Ecclesiae
607 1745 787 1821 perniciosa
810 1754 943 1822 peccata
965 1749 1046 1810 adeo
1070 1764 1208 1827 operose
1231 1765 1396 1822 excusare,
1419 1751 1498 1826 idque

276 1869 346 1912 cum
369 1849 518 1912 seandalo
543 1850 732 1926 pusiltomm
755 1849 890 1922 christi,
925 1851 981 1928 qui
1016 1851 1079 1914 ista
1101 1852 1284 1930 Sophistica
1318 1854 1352 1916 in
1377 1870 1498 1915 errorem

276 1952 473 2030 inducuntur,
497 1952 614 2032 grande
637 1950 897 2028 impoenitentiae
920 1957 1025 2016 scelus
1049 1961 1108 2018 est.

362 2093 523 2154 Postremo
547 2092 653 2162 etiam,
688 2092 763 2168 quia
788 2109 925 2174 semper,
959 2113 1029 2157 cum
1058 2099 1122 2158 tam
1156 2095 1330 2158 artificiosa
1352 2097 1498 2159 mendacia

275 2200 361 2276 lego,
384 2198 592 2257 vehementer
615 2214 827 2268 commoveor,
863 2202 899 2258 ut
921 2217 988 2259 cum
1011 2199 1078 2279 legi
1116 2201 1280 2263 sessiones
1303 2201 1497 2294 Tridentinus,

276 2303 466 2380 praesertim
482 2299 619 2373 Sextam,
642 2299 849 2378 Brunsuigae,
874 2319 943 2362 curn
966 2303 1032 2381 legi
1056 2305 1185 2366 interim
1197 2306 1497 2384 Augustarumiteu

276 2407 458 2486 Lypsicum,
483 2413 514 2467 et
537 2413 699 2484 postremo
721 2409 804 2468 hanc
826 2405 1011 2468 orationem.
1056 2411 1142 2482 Quae
1172 2409 1277 2472 omnia
1299 2409 1420 2489 scripta
1451 2425 1497 2485 ego

278 2530 340 2574 non
366 2511 437 2574 sine
460 2513 575 2574 crebris
598 2512 771 2590 gemitibus
794 2517 827 2572 et
849 2511 979 2575 fremitu
1000 2514 1134 2592 perlegi.
1178 2516 1284 2577 Iudico
1313 2520 1419 2578 autem
1440 2527 1497 2574 esse

279 2620 383 2678 moras
405 2613 543 2692 Spiritus
567 2613 685 2686 Sancti,
723 2623 833 2678 contra
854 2616 998 2680 Setanam
1023 2622 1146 2694 patrem
1168 2619 1280 2681 horum
1302 2617 1498 2684 artificiorum

279 2701 311 2780 ct
335 2717 405 2792 ipsa
425 2717 557 2778 artificia
579 2718 755 2782 frementis.
800 2717 896 2780 Hisce
921 2736 982 2796 ego
1017 2720 1160 2781 dolorum
1196 2721 1318 2786 lacibus
1357 2722 1496 2786 incitatus,

280 2837 380 2896 saepe
405 2838 503 2899 cogor
527 2820 649 2897 aliquid
673 2828 781 2884 contra
804 2822 865 2884 ista
887 2822 1101 2900 Sophismata,
1126 2824 1177 2883 vel
1201 2823 1320 2886 invitus
1335 2823 1496 2891 vociferari,

281 2941 363 3001 quae
387 2922 464 2992 illis,
500 2924 553 3001 qui
577 2923 699 2986 similes
724 2923 823 2987 animi
853 2927 996 2988 stimulos
1027 2931 1060 2988 et
1080 2927 1238 2988 cruciatus
1260 2944 1324 2989 nou
1349 2926 1497 3007 experiar·

279 3031 340 3098 tur,
363 3041 426 3088 non
449 3042 577 3102 semper
597 3030 777 3105 probantur.

365 3165 452 3227 llaec
474 3163 682 3227 dilectissime
704 3165 894 3243 Praeceptor
922 3165 1077 3244 (proiecto
1102 3166 1184 3228 enirn
1221 3167 1381 3230 sincerius
1417 3187 1434 3229 a
1462 3179 1499 3225 me

281 3267 416 3332 dilectos
441 3285 487 3340 es,
512 3285 604 3346 quarn
626 3285 644 3328 a
666 3283 820 3344 quoquam
847 3285 966 3340 eorum,
1003 3270 1057 3346 qui
1093 3269 1300 3332 blandissime
1335 3278 1436 3334 tecam
1465 3271 1498 3328 la-

283 3377 429 3450 quuntur)
454 3371 511 3434 tihi
532 3371 671 3434 scribere
694 3371 793 3444 volui,
816 3371 961 3450 primam,
984 3387 1045 3448 qsro
1071 3375 1270 3435 ostenderem
1294 3391 1346 3436 me
1369 3373 1445 3436 nihil
1464 3371 1497 3430 in-

282 3475 367 3540 iuste
393 3481 501 3538 contra
523 3481 556 3538 te
579 3492 687 3555 agere,
714 3477 771 3536 sed
794 3475 978 3538 iustissimis
1000 3477 1116 3549 causis,
1152 3495 1264 3557 nempe
1303 3479 1444 3543 mandato
1463 3473 1497 3534 di·

281 3581 367 3658 vino,
391 3583 431 3644 de
454 3580 626 3642 dilectione
639 3579 709 3654 Dei,
734 3584 766 3640 et
787 3577 936 3658 proximi,
960 3583 1363 3659 proprioqueconscientia
1385 3579 1496 3660 impelli,

280 3691 315 3750 ut
336 3688 416 3750 haec
439 3701 540 3762 egam,
563 3699 643 3762 quae
667 3700 739 3762 ago.
790 3683 953 3755 Secundo,
989 3691 1024 3747 ut
1046 3692 1079 3747 te
1116 3687 1219 3748 adhuc
1241 3702 1365 3748 orarem
1397 3691 1426 3746 et
1453 3696 1497 3760 per

283 3791 451 3862 Christum,
474 3795 569 3860 tuam,
593 3795 626 3850 et
647 3789 785 3851 miserae
806 3787 972 3850 Ecclesiae
997 3792 1142 3862 salutem,
1165 3793 1354 3861 obtestarer,
1376 3795 1410 3850 ut
1431 3783 1496 3848 desi·
1538 3809 1539 3872 p

272 3913 342 3957 vaas
378 3895 529 3956 adiuvare
561 3892 800 3958 fabricationem
831 3893 961 3954 istarum
986 3894 1210 3958 sceleratarum
1233 3896 1445 3964 fenestrarum,
1473 3891 1496 3946 ei

283 3997 414 4064 istarum
434 3998 698 4061 fraudulentarum
721 3997 920 4070 insidiarum,
950 3999 981 4060 in
1006 3999 1121 4074 quibus
1143 3997 1215 4076 ipse
1239 3999 1445 4076 Antichristus
1464 3995 1496 4052 lt·
1538 3989 1539 4009 ¹

283 4106 337 4164 tet.
382 4102 420 4166 Et
442 4118 501 4180 per
524 4118 605 4178 quae
635 4099 725 4178 impii
758 4103 884 4179 quidem
917 4105 960 4164 ita
983 4103 1213 4174 confirmantur,
1235 4110 1270 4166 ut
1293 4105 1389 4166 eliam
1408 4102 1495 4162 trium·

281 4207 390 4281 phent,
411 4206 460 4281 pii
483 4222 559 4267 vero
583 4204 815 4276 contristantur,
836 4205 1041 4284 languebunt,
1066 4225 1102 4268 ac
1120 4205 1153 4266 in
1176 4207 1403 4268 dubitationem
1424 4199 1492 4264 indu·

284 4315 404 4381 cuntur,
435 4315 466 4371 et
488 4317 552 4372 tarn
574 4307 689 4384 infiniti
711 4307 970 4372 scandalizantur.
1014 4310 1083 4372 Hoc
1104 4327 1213 4372 omnes
1237 4309 1323 4373 seria
1356 4311 1398 4386 pii
1428 4325 1444 4368 a
1470 4309 1494 4362 te

284 4420 378 4490 atque
401 4414 482 4474 odeo
504 4417 559 4475 tua
578 4412 709 4492 propria
724 4412 930 4484 conscientia,
953 4414 1037 4491 quod
1060 4431 1100 4477 ex
1122 4419 1156 4475 te
1176 4414 1248 4492 ipso
1272 4414 1401 4490 saepius
1420 4405 1492 4473 intei-

281 4515 360 4588 lexi,
383 4514 534 4595 flagitant.

370 4619 488 4698 Cogita,
512 4623 656 4695 obsecro,
678 4624 731 4684 vel
754 4621 818 4686 ista
840 4620 971 4703 politica
994 4625 1197 4706 Argumenta,
1232 4633 1313 4701 quae
1337 4617 1433 4702 quiris
1459 4613 1491 4675 ia-

285 4720 433 4803 telligere
455 4728 571 4800 potest.
