3064 5206
207 313 271 404 ild
603 339 847 402 ειιιιιειιειιτι
875 347 956 402 urm
978 351 1053 404 rosa.

211 505 366 584 pudenter
390 507 454 568 sibi
478 512 605 583 arroget
627 504 862 581 cognitionem,
883 506 1082 566 horribiliter
1106 508 1221 584 impius
1246 521 1319 565 suas
1336 504 1428 564 deleu-

209 609 301 679 dare,
324 615 357 669 at
380 610 523 671 stabilire
547 614 677 668 conatur
700 605 882 683 opiniones.

293 707 446 773 Protllaor
476 711 585 787 itaqua
614 712 696 770 bbna
726 711 807 779 fido,
840 717 926 772 recle
960 727 997 771 ac
1021 712 1106 770 iuste
1138 711 1190 769 hic
1221 707 1429 785 repraehendt

208 819 240 871 at
264 813 350 875 veris
374 830 410 876 ae
428 813 534 875 ‘firmis
558 811 768 890 argumentis,
801 819 909 880 nostru
933 811 1030 874 ctiam
1054 811 1287 888 approbatione
1316 818 1347 870 ει
1369 829 1427 870 cou-

208 919 305 976 sausti
328 916 461 978 refutari
485 915 631 976 Osiaudri
658 929 792 975 amores.

224 1040 228 1050 ·
294 1016 407 1082 Hortor
430 1019 570 1095 denique
593 1034 702 1079 omues
725 1017 817 1094 pios,
841 1019 1007 1087 cordatos,
1032 1023 1063 1076 et
1084 1016 1325 1091 tranquillitatis
1336 1017 1429 1076 licclo-
1520 1095 1521 1106 ἵ

209 1120 278 1183 siaa
301 1131 460 1192 amantes,
485 1127 517 1182 ut
542 1122 659 1182 mblem
684 1127 715 1180 ot
740 1125 862 1182 t'uroras
880 1119 1028 1181 Osiandrl
1051 1127 1241 1181 aversentur
1263 1127 1295 1179 et
1310 1119 1430 1197 lugiunt,

209 1231 240 1284 ει
265 1227 428 1287 nobiseum
452 1227 537 1286 veris
562 1232 595 1285 et
618 1224 802 1285 ardentibus
826 1224 997 1301 gemitibus
1014 1224 1115 1284 Deum
1140 1227 1302 1284 aeteruum
1326 1229 1432 1298 patrem

208 1325 335 1386 Domini
357 1304 459 1389 nosiri
483 1328 553 1386 lesu
579 1325 698 1386 Christi
723 1333 789 1387 toto
814 1333 944 1402 pectore
969 1333 1078 1394 orent,
1102 1332 1136 1386 ut
1153 1325 1290 1386 omnium
1308 1325 1433 1384 hostium

208 1420 373 1488 Ecclesiae
395 1427 518 1489 furores
542 1427 716 1503 opprimat,
742 1431 930 1503 pbmerttosa'
953 1429 1031 1495 ista,
1056 1434 1089 1486 et
1115 1426 1166 1487 liis
1190 1424 1326 1495 similia,
1356 1443 1433 1486 scan-

208 1528 286 1590 dala¹
312 1545 374 1606 pro¹
398 1549 455 1592 sua
485 1528 707 1590 misericordia
736 1532 846 1600 tollat,
881 1537 912 1590 at
938 1545 1103 1590 accertsam
1133 1527 1303 1606 Evangelii
1331 1533 1433 1588 Lucem

210 1632 522 1706 proptor'Gltristum
545 1632 755 1693 bladirttoram
779 1633 811 1693 in
836 1635 886 1693 lris
910 1629 1067 1692 llloclesiis
1098 1637 1285 1698 conseruat,
1319 1637 1349 1690 et
1367 1628 1432 1690 rali-

210 1726 491 1809 quorom'piorum
513 1735 685 1796 Doctorum
707 1733 847 1804 animos,
879 1737 911 1795 in
943 1737 996 1810 pia
1020 1741 1051 1793 et
1075 1735 1208 1793 solutori
1230 1733 1353 1794 unitate
1373 1747 1434 1809 per·
1521 1741 1522 1804 l

211 1842 304 1911 petuo
329 1834 444 1912 spiritu
466 1850 525 1896 suo
550 1845 659 1898 saneto
683 1838 843 1908 stabiliat,
868 1845 899 1897 ot
924 1839 1108 1905 confirmet,
1132 1839 1240 1896 Amen.
1521 1819 1522 1824 ’

208 2008 397 2153 Disputatio
420 2037 557 2166 lllllppt
584 2039 821 2242 lltlambgnis,
841 2063 928 2242 1ιιέιὲι
968 2043 1107 2121 bortum
1143 2038 1282 2122 Morino
1307 2037 1435 2120 tullum

748 2165 819 2242 nuo‘
858 2167 885 2243 b.
922 2218 931 2246 .
1058 2167 1061 2174 ’

661 2316 786 2393 Verbo
816 2315 996 2418 Philippi.
1522 2415 1523 2420 Ἰ

276 2455 508 2530 ¹Augustinus,
532 2462 564 2513 ut
589 2462 740 2530 apparet,
765 2461 854 2514 extra
877 2452 1128 2530 disputationem
1158 2453 1353 2535 commodius
1375 2467 1434 2511 seu-
1522 2425 1523 2468 ⁷

210 2552 269 2624 sit,
295 2571 385 2630 quam
408 2557 549 2631 loquitur
578 2555 610 2615 in
635 2543 914 2632 disputatioriibus.
967 2555 1021 2617 sie
1051 2554 1134 2616 anim
1164 2555 1324 2631 loquitur,
1351 2553 1435 2631 ⁴qumi

212 2647 565 2730 iudieare'dobeomus‚
592 2675 648 2720 nos
672 2659 785 2720 lustos'
800 2674 873 2721 esse
894 2660 968 2729 lida,
992 2659 1054 2720 hoc
1076 2665 1138 2728 est,
1165 2660 1308 2719 novitate
1331 2665 1434 2719 nostru.

210 2757 299 2851 Quod
323 2763 350 2820 si
376 2769 424 2820 εει
448 2777 572 2832 verum,
595 2763 673 2822 iusti
697 2781 805 2824 sumus
829 2781 889 2823 non
914 2763 985 2823 sole·
1006 2761 1085 2830 fide,
1110 2762 1167 2821 sad
1191 2763 1338 2822 omuibus
1353 2761 1435 2820 donis

209 2855 247 2921 a'e
271 2861 580 2940 vimmibus‚‘'idque
603 2882 679 2926 sane
703 2865 770 2926 uult
787 2866 993 2943 Augustinus.
1032 2866 1069 2925 Et
1093 2863 1167 2925 hinc
1191 2871 1259 2925 orta
1283 2871 1334 2925 ast
1356 2865 1438 2924 sciro-

212 2961 393 3024 laslicotum
420 2965 528 3028 Gratia
550 2975 672 3044 gratum
692 2967 826 3030 iaciens.
877 2969 943 3028 Vos
966 2983 1044 3027 vero
1069 2975 1171 3028 utrum
1195 2967 1325 3028 sentitis
1349 2967 1435 3027 homi-

211 3080 283 3128 nem
306 3067 423 3130 lustum
454 3072 528 3131 essa
559 3070 614 3133 illa
645 3071 807 3142 novitate,¹
837 3079 868 3132 ιιι
891 3073 1176 3149 Augustinusrau
1208 3087 1295 3132 uero
1316 3073 1437 3146 imputa·
1523 3105 1524 3130 t

209 3171 298 3232 tione
322 3172 476 3250 gratuita,
491 3189 582 3249 ,quaa
607 3183 655 3234 ast
681 3181 770 3236 extra
792 3173 923 3246 nos,‘et
943 3166 1029 3244 tide,
1053 3175 1175 3245 idest,
1208 3175 1436 3249 ttducia‚·quaa

211 3273 311 3335 oritur
335 3289 374 3336 ex
399 3273 520 3337 verbo?

274 3372 305 3402 tt
354 3382 358 3396 ι

389 3395 416 3496 s
473 3507 476 3516 p
530 3431 734 3533 Responsio
768 3400 812 3510 D
841 3432 994 3510 Martini
1018 3434 1141 3511 Luth..

249 3599 253 3611 ·
294 3579 495 3654 mosomio,
528 3590 558 3643 ει
592 3587 780 3660 persuasiss.
805 3602 875 3647 sum
905 3597 1087 3657 accentus,
1125 3591 1205 3649 bunc
1234 3602 1311 3650 esse
1340 3603 1434 3647 ueram

211 3685 589 3764 senteutiam'livangelil
614 3695 646 3748 et
669 3689 911 3765 Apostolorum,
937 3693 1021 3766 quod
1044 3693 1114 3752 solu
1141 3692 1351 3768 imputatione
1375 3707 1434 3767 gru·

209 3787 291 3850 tuita
313 3779 428 3852 sumus*
444 3791 521 3850 iusti
545 3793 763 3868 apud'ilamm

262 3904 265 3913 ι
296 3893 321 3920 ·l

568 3901 856 4052 'Opposibionas
882 3889 1061 4049 Philippi.
1107 3925 1109 3936 Ι

222 4090 226 4130 ³
298 4106 343 4162 Αιι
368 4103 469 4162 hoino
486 4104 556 4162 sola
579 4098 633 4162 illa
658 4100 879 4164 misericordia
902 4100 1111 4164 iustus'est?¹

225 4196 227 4217 '
297 4201 392 4276 Quod
410 4222 471 4265 nou
496 4207 537 4265 sit
561 4205 630 4266 sola
654 4205 710 4266 illa
733 4205 956 4266 misericordia
980 4206 1099 4274 iustus,
1124 4207 1266 4276 videtur,
1296 4208 1370 4283 qaia
1389 4219 1435 4266 ua-

211 4305 353 4368 c'essaria
377 4312 425 4368 ast
449 4307 574 4369 iustitio
598 4323 715 4377 nostra,
741 4311 802 4370 boo
827 4315 892 4378 εει,
917 4311 999 4369 bona
1016 4308 1215 4370 conscientia
1234 4311 1434 4386 iuoparibns.

261 4488 264 4498 υ
297 4409 341 4468 'riu
374 4428 434 4469 uon
460 4411 555 4471 vultis
586 4407 763 4472 concedere
791 4413 832 4470 ιιι·
849 4411 992 4480 dicatur,
1031 4411 1188 4470 hominem
1217 4405 1298 4472 ‘essa
1329 4406 1434 4472 iustum

211 4509 432 4586 principaliter
455 4515 535 4583 fide,
561 4516 588 4572 et
616 4513 719 4573 minus
744 4513 965 4591 principaliter
990 4514 1159 4590 operibus,
1176 4515 1213 4576 'si
1236 4522 1339 4576 tamen
1361 4513 1432 4573 tides

212 4615 371 4692 significet
395 4615 559 4686 fiduciam,
592 4599 632 4676 ai*
652 4625 687 4676 ut
718 4617 772 4679 illa
800 4619 918 4679 fiducia
948 4623 1205 4688 inuncatreetsa,
1234 4617 1431 4694 intelligatur,
