3072 5208
470 341 717 399 surrmuaura
735 341 820 402 surr
839 342 915 401 rara.
1244 328 1311 400 85⁵1

93 502 255 564 corrutione
271 500 497 562 sententiarum
521 499 561 561 de
584 499 678 560 rebus
701 497 865 581 maxima,
899 497 1057 574 explicata
1078 501 1205 584 ,ueritas
1228 501 1312 563 inter

91 618 186 664 omues
208 608 321 679 gentes
344 600 501 664 communi
531 615 692 662 consensu
722 605 960 676 propagaretur.
1012 602 1120 671 Talem
1144 604 1312 680 synodum,

89 705 239 766 Ecclesiae
270 703 484 766 necessariam
517 709 548 762 et
577 703 765 772 salutarem,
799 709 831 762 et
862 699 956 786 ηομ)
987 704 1097 768 aDeo
1128 707 1311 782 ardentibus

89 810 161 870 votis
191 808 346 886 petimus,
377 813 409 868 et
438 804 614 882 aliquoties
649 808 688 868 ab
726 803 941 870 invictissimo
973 807 1166 884 Imperatore
1197 812 1310 875 Geroto

87 915 234 988 Augusto,
270 909 406 973 Domino
437 915 545 970 nostro
575 907 842 978 clementissimo,
882 923 991 970 omnes
1027 911 1157 976 ordines
1189 911 1225 974 in
1250 914 1312 984 hoc

85 1014 210 1092 imperio
237 1014 434 1089 petiverunt,
465 1014 497 1073 in
528 1027 590 1087 qua
612 1011 735 1086 syuodo
759 1025 852 1082 vere,
883 1015 917 1070 ut
946 1011 1088 1097 Psalmus
1110 1015 1214 1087 dicit„
1238 1034 1311 1082 eou-

83 1115 220 1178 veuirent
242 1115 357 1194 populi
379 1121 412 1176 et
436 1115 540 1192 Reges
563 1120 599 1174 ut
621 1114 779 1174 seruirent
794 1114 880 1175 Deo:
903 1114 965 1176 hoe
988 1121 1054 1186 est,
1079 1114 1112 1176 in
1137 1134 1201 1194 qua
1226 1120 1311 1192 veris

83 1220 176 1280 nodis
205 1219 413 1280 restituerant
446 1233 553 1282 reram
575 1216 636 1276 Dei
667 1215 918 1288 insecutionem,
953 1223 985 1278 et
1016 1219 1113 1281 saluti
1138 1222 1311 1290 arrianorum

83 1322 292 1390 consulerent,
323 1319 591 1400 constabilirent
619 1315 710 1384 idola
733 1324 765 1386 et
789 1335 902 1394 pravas
932 1317 1123 1396 opiniones,
1156 1339 1312 1398 oppressa

84 1423 209 1485 raritate
233 1422 423 1500 pertimui,
446 1422 564 1500 partim
588 1420 819 1504 sophismatum
844 1421 1041 1501 praestigiis.
1072 1465 1075 1473 «

156 1527 220 1587 Sed
250 1526 348 1588 huius
370 1524 580 1586 Tridentinae
608 1524 738 1600 synodi,
770 1542 865 1600 quam
884 1524 1009 1591 ,indixit
1039 1528 1154 1598 Paulus
1183 1530 1310 1602 tertias,

84 1628 225 1692 iudicium
263 1636 455 1706 sequuturos
491 1646 548 1690 nos
585 1643 675 1698 esse,
712 1643 915 1704 nequaquem
949 1630 1104 1708 polliceri.
1132 1651 1310 1711 possumus.

83 1731 200 1808 Nosque
230 1733 423 1810 perspicuae
453 1738 486 1791 et
515 1745 610 1792 verae
640 1746 775 1796 caussae
805 1739 974 1794 excusent:
1017 1733 1161 1804 Persona
1183 1736 1312 1806 iudicis.

85 1834 132 1907 qui
153 1841 201 1896 cst
224 1833 468 1896 inimicissimus
492 1840 621 1894 nostrae
643 1830 816 1916 oausae²)·‚
848 1840 880 1894 et
903 1835 1004 1898 torma
1026 1835 1160 1907 iudicii,
1188 1839 1308 1915 inquo

85 1938 160 1998 nulla
181 1938 313 1999 libertas
337 1944 386 1998 est
408 1937 563 1998 dicandae
586 1937 783 2007 sententiae,
808 1937 884 2000 alin
899 1938 1189 2016 suffragiurnihunt
1202 1943 1312 2019 plures

87 2039 194 2102 indocti
217 2049 250 2102 et
273 2041 398 2103 iriinrici
420 2047 549 2104 nostrae
570 2040 747 2110 doctrinae,
771 2047 804 2102 et
826 2039 856 2102 si
878 2041 934 2116 qui
956 2041 1047 2122 atii‘)
1070 2043 1309 2115 melioresada-

89 2150 162 2215 runt,
190 2145 338 2206 deterriti
360 2143 498 2206 saevitia
522 2144 692 2212 malorum,
722 2161 785 2202 non
809 2142 969 2206 audebunt
984 2145 1107 2210 ¹dicere
1131 2149 1215 2223 quud
1239 2165 1309 2216 sen,-

88 2243 204 2325 tiunt⁴tt
227 2256 391 2324 postremo
419 2253 452 2308 et
474 2249 564 2308 locus
587 2246 764 2323 periculum
787 2243 906 2309 nostris
930 2245 1074 2310 minatur.
1112 2295 1115 2304 .

161 2353 205 2414 Ac
227 2353 364 2430 primurn
386 2353 487 2414 instes
513 2367 586 2412 asse
609 2367 740 2420 causes,
765 2367 819 2412 cur
841 2351 1015 2414 Romanum
1038 2352 1224 2419 Pontificem
1247 2373 1309 2438 nou

89 2453 235 2526 possimus
263 2457 373 2518 iacere
400 2455 541 2517 iudicem
576 2460 752 2516 nostrarum
789 2454 1076 2519 controversiarum
1110 2459 1312 2533 manifestum

90 2564 137 2617 est.
178 2561 259 2624 Nota
281 2568 331 2622 est
354 2561 439 2622 enim
463 2579 525 2622 vor
549 2566 686 2622 naturae:
705 2565 737 2618 et
761 2557 873 2635 scripti
905 2560 999 2632 iuris,
1030 2579 1112 2638 quae
1137 2570 1221 2628 vetat
1246 2565 1311 2640 ei⁵)

90 2659 226 2724 iudicium
252 2664 454 2740 permittere,
487 2662 541 2740 qui
564 2679 637 2722 reos
663 2668 711 2721 est
734 2660 806 2737 ipsc
839 2669 870 2722 et
899 2661 1067 2735 inimicus,
1101 2672 1132 2727 et
1160 2666 1311 2728 hostilem

87 2762 213 2828 animum
236 2767 403 2843 perpetuis
427 2764 638 2844 praeiudiciis
660 2765 843 2824 declaravit.

159 2870 225 2930 Hoc
254 2868 408 2945 tanturn⁶t
439 2870 621 2930 dissidium·
646 2867 732 2949 orbis
764 2873 915 2930 terrarum
953 2868 1181 2934 initioortnnr
1212 2882 1263 2936 eet
1293 2893 1312 2935 a

85 2974 325 3047 reprehensione
349 2991 491 3034 errorum
514 2974 767 3051 pontificiorum,
791 2991 871 3047 quos
886 2976 1034 3036 monachi
1049 2979 1309 3042 circumferentes

84 3077 202 3138 venales
225 3077 443 3154 indulgentias
467 3095 536 3138 curn
560 3075 745 3145 auxissent,
769 3083 884 3153 postea
906 3079 1059 3141 Pontifex·
1076 3083 1141 3143 Leo
1167 3084 1201 3143 X.
1222 3086 1309 3146 edita

86 3175 159 3238 bulla
180 3181 395 3251 confirmavit,
425 3189 458 3245 et
481 3180 654 3242 cumulavit
684 3197 828 3250 errores,
864 3196 996 3255 quorum
1026 3185 1177 3248 refutatio
1207 3189 1309 3249 maius

85 3285 232 3342 certamen
261 3284 415 3345 accendit.
477 3286 521 3344 Aa
551 3285 621 3344 sole
660 3285 835 3344 meridiano
865 3286 981 3346 clarius
1018 3292 1082 3356 est,
1111 3289 1244 3350 defendi
1271 3292 1312 3355 in

85 3379 159 3444 bulla
180 3384 297 3446 Leonis
323 3403 450 3448 errores
471 3395 649 3465 pugnantes
673 3405 744 3448 curn
768 3403 841 3448 vera
857 3388 1023 3450 Ecclesiae
1044 3390 1196 3453 doctrines
1232 3395 1310 3455 Con-

85 3488 137 3544 stat
164 3495 288 3558 autern,
323 3489 508 3552 Pontificem
538 3496 695 3552 errantem
733 3509 795 3550 non
832 3491 1011 3552 iaciendum
1050 3508 1123 3553 esse
1162 3493 1311 3556 iudicem.
1352 3501 1358 3512 ’

85 3585 214 3666 Cumque
238 3605 311 3652 reus
327 3593 398 3664 ·sit,·
417 3594 548 3670 insuper
571 3594 723 3654 hostilem
746 3595 883 3654 animum
907 3594 1078 3672 perpetuis
1095 3597 1309 3674 praeiudiciis

85 3687 261 3781 deelarat').
281 3726 286 3736 ·
303 3691 480 3765 quotannis
504 3698 625 3772 repetit
647 3696 943 3759 condemnationem
971 3705 1102 3760 nostrae
1130 3701 1309 3775 doctrinae,

86 3797 112 3850 et
132 3798 514 3874 magnamorudelitatenr
540 3806 670 3860 enercet
689 3800 721 3858 in
738 3815 847 3859 ornnes
863 3801 918 3876 qui
934 3802 1170 3878 amplectuntur
1184 3812 1310 3868 nostras

85 3899 267 3970 sententias,
300 3908 331 3960 et
361 3900 533 3964 inflammat
563 3918 657 3981 reges
687 3910 720 3962 et
750 3901 916 3979 principes
948 3910 1015 3965 toto
1051 3908 1129 3967 orbe
1158 3914 1311 3970 terrarum

85 3996 115 4054 ad
136 4001 343 4063 exercendam
367 4003 503 4065 similem
532 4003 710 4068 saevitiam.

88 4083 276 4098 ·-————.

162 4120 189 4184 l)
212 4122 277 4189 uos]
294 4123 442 4176 fleetend:
462 4141 512 4178 nos
532 4125 653 4192 quotidie
699 4163 701 4168 .

159 4205 187 4273 2)
213 4216 327 4261 nostrae
347 4210 475 4278 causae‚]
495 4211 643 4264 Secund:
663 4224 763 4264 caueae
783 4218 904 4277 noemae,

159 4290 188 4356 3)
212 4293 271 4360 alli]
292 4296 364 4362 apud
384 4295 517 4348 Seckend.
538 4299 626 4350 dcent.

159 4377 188 4442 4)
210 4379 282 4444 quorl
302 4382 450 4449 pentinum]
470 4379 618 4443 Seokand.,:
638 4385 704 4450 quid
723 4385 856 4438 sentient.

160 4460 189 4527 5)
214 4462 251 4530 ei]
273 4464 344 4534 Opp.
364 4465 425 4518 nter.
447 4475 473 4518 et
492 4467 638 4519 Scckend.:
659 4469 699 4520 titt

160 4547 189 4613 θ)
213 4550 331 4618 tantum]
351 4551 501 4605 Seckend.:
520 4559 607 4606 totum

160 4631 188 4698 7)
213 4637 359 4705 declarat]
379 4639 529 4692 Seorsum:
550 4641 680 4692 declarat.
704 4697 706 4702 ,

116 4723 205 4776 supplan.
224 4729 342 4800 lelanehtlt.
