3084 5208
446 345 693 400 surrnannurn
711 345 794 398 anni
816 348 895 402 nis.
1226 333 1291 406 tn

71 501 168 560 lnbeo.
195 517 234 560 ac
262 507 339 576 opto
366 516 410 562 ex
439 499 544 562 animo
575 507 611 560 nt
640 501 719 562 deus
743 503 801 562 bas
823 502 987 565 Ecclesiae
1011 513 1044 566 et
1067 505 1213 590 aarum)
1236 509 1290 569 do·

71 609 160 664 ctores
182 609 290 664 servet
311 609 346 664 et
369 610 468 680 regat.
504 602 642 673 orientes
669 603 749 664 alibi
771 604 909 665 viderim
930 604 1164 683 dissipationes
1184 609 1290 670 Eccle-

70 703 190 775 siarum,
213 723 274 766 non
300 704 422 782 possim
433 703 459 787 ¹)
483 703 556 768 siae
578 705 751 782 laclnrmis
775 705 919 768 recitare.
966 708 999 768 ld
1022 710 1205 788 significavi
1219 715 1291 772 lllu·
1397 757 1398 760 η

68 806 212 870 strissimn
238 805 380 884 principi
405 814 513 870 nosue
537 823 575 869 ac
598 807 691 868 simul
716 808 862 868 hortatus
885 827 971 880 sum,
1004 820 1039 872 ut
1063 814 1163 875 nostri
1186 815 1290 892 magis

68 909 200 970 studeant
223 910 334 970 lovere
359 909 531 970 Ecclesias.
578 907 610 970 In
634 908 725 970 Ubiis
750 908 794 970 ita
817 927 869 972 res
892 919 984 974 actae
1007 921 1087 976 sunt.
1123 917 1292 993 Postquam

67 1012 95 1072 ll.
114 1012 252 1078 bucerus
282 1018 315 1072 et
346 1027 407 1090 ego
436 1010 633 1074 absolvimus
662 1009 806 1082 librum„
834 1021 897 1088 quo
931 1016 1033 1077 lorrna
1062 1017 1228 1080 doctrinae
1259 1029 1293 1082 et

68 1115 169 1174 rituulb
195 1116 397 1185 continetur,
420 1112 602 1190 Episcopus
625 1113 780 1175 adhibitis
803 1114 1009 1188 coadiutore,
1033 1119 1153 1182 decano
1169 1123 1292 1184 Comite

68 1216 253 1294 Stolbergio,
290 1221 322 1276 et
344 1217 419 1278 aliis
443 1217 631 1291 quibusdam
655 1215 853 1278 consiliariis
876 1217 980 1279 doctis
1005 1227 1037 1281 et
1060 1224 1220 1285 nobilibus
1245 1211 1295 1287 orss'

69 1317 132 1378 dine
158 1318 370 1401 legitimum
401 1317 512 1389 iussit,
543 1326 576 1380 et
606 1325 755 1380 accurate
785 1318 962 1396 disputavit
991 1323 1034 1382 de
1057 1324 1195 1403 singulis
1218 1327 1293 1388 arti-

69 1422 154 1492 culis,
183 1423 316 1483 miratus
339 1440 406 1482 sum
432 1427 463 1482 et
486 1420 712 1484 assiduitatem
737 1428 769 1482 et
792 1421 865 1504 in⁸)
889 1422 1060 1491 iudicando
1084 1429 1293 1506 prudentiam.

69 1524 134 1586 Nam
152 1523 302 1602 quotidie
323 1531 391 1589 lota
410 1525 594 1600 septimana
616 1525 791 1594 matutinae
816 1526 916 1590 borne
940 1536 1115 1608 quaternae
1138 1533 1171 1594 ei
1190 1532 1294 1594 labori

69 1627 290 1697 tribuebantur,
320 1633 351 1689 et
382 1627 454 1702 ipse
484 1627 525 1686 de
553 1625 783 1688 controversiis
813 1628 858 1687 ita
877 1627 1058 1701 disseruit,
1090 1639 1131 1692 ut·
1149 1636 1237 1694 serio
1263 1633 1297 1694 ei

70 1727 246 1814 sagmas&
278 1745 352 1792 esse
382 1736 561 1808 appareret.
618 1730 776 1790 Absoluta
806 1731 866 1792 bac
895 1732 1127 1810 deliberatione
1149 1737 1295 1800 decrevit

71 1848 98 1892 se
117 1831 229 1894 librum
260 1831 499 1914 propositurum
529 1847 604 1911 esse
626 1830 658 1892 in
682 1839 840 1908 conventu
870 1850 948 1896 suae
970 1833 1122 1908 ditionis,
1154 1847 1186 1900 et
1211 1840 1292 1916 peti-

70 1941 158 1996 tumm
179 1941 214 1999 ut
238 1934 276 1996 ad
301 1935 384 2007 banc
405 1934 537 1997 formam
560 1933 802 2014 emendarentur
817 1934 1001 2006 Ecclesiae,
1015 1941 1171 2016 ‚congruit
1189 1949 1295 2005 antem

71 2053 130 2098 cum
149 2035 267 2101 nostris
288 2034 465 2122 Ecclesiis,
485 2036 550 2118 nisi
572 2036 656 2112 quod
680 2034 821 2114 collegia
835 2089 838 2096 .
851 2055 912 2102 non
937 2041 1121 2112 abolentur,
1155 2045 1213 2106 sed
1239 2046 1294 2106 do-

71 2141 157 2200 ctrina
179 2139 212 2200 in
236 2139 286 2200 eis
310 2147 342 2200 et
366 2139 510 2199 viciosae
532 2139 736 2200 ceremoniae
758 2141 958 2216 corriguntur
970 2139 1004 2224 ⁵).
1057 2144 1173 2206 Postea
1195 2147 1297 2224 igitur

73 2241 96 2300 in
118 2243 294 2312 Conventa,
318 2257 352 2301 re
375 2239 538 2315 disputata
560 2259 579 2300 a
601 2241 773 2300 comitibus
786 2239 934 2316 Equestri
955 2242 1060 2303 ordini
1071 2236 1097 2328 ⁰)
1121 2252 1154 2305 et
1176 2248 1294 2323 legatis

71 2341 240 2414 civitatum,
274 2343 436 2404 decretum
466 2349 514 2402 est
535 2341 699 2403 Ecclesins
729 2343 768 2402 ad
799 2343 880 2403 hanc
909 2359 1050 2406 normam
1081 2349 1296 2409 emendandas

72 2459 140 2505 esse.
183 2445 222 2507 El
246 2453 328 2505 nnnc
348 2437 628 2521 ¹aliquot'nppidis
659 2453 810 2520 praesunt
841 2443 888 2522 pii
913 2445 1167 2508 concionatores.
1214 2451 1295 2510 Huic

71 2547 187 2610 decreto
218 2549 397 2626 refragatur
424 2546 596 2624 collegium
627 2563 782 2607 summum
812 2547 1022 2618 boloniense,
1059 2550 1121 2610 elsi
1153 2552 1296 2613 illustres

72 2651 207 2728 plerique
237 2653 320 2714 bene
350 2650 506 2721 sentiunt,
543 2651 599 2712 sed
629 2649 847 2726 impediuntur
883 2650 1063 2728 pertinacia
1101 2657 1297 2730 qirorundam

71 2769 168 2816 senum
186 2758 219 2816 et
233 2752 417 2832 groperi'),
441 2755 496 2828 qui
511 2753 693 2813 antelemmt
707 2751 804 2814 saluti
821 2769 900 2814 sune
916 2762 947 2813 el
963 2757 1093 2832 populi,
1118 2757 1172 2818 ito.
1192 2759 1296 2836 ponti·

70 2857 129 2918 licis
152 2865 187 2920 et
207 2857 329 2935 Regum
352 2855 489 2928 iudicia,
521 2871 592 2917 cnm
615 2857 744 2932 quidem
768 2855 800 2916 ln
825 2855 891 2917 illis
914 2857 997 2919 loeis
1020 2857 1054 2920 in
1079 2860 1190 2938 primis
1215 2876 1297 2938 opus

71 2961 105 3019 sit
132 2959 356 3022 emendatione
386 2959 552 3021 doctrinae
575 2965 608 3019 et
631 2959 757 3020 rituum.
789 2957 868 3020 mira
899 2966 949 3021 est
979 2959 1063 3021 euim
1086 2961 1217 3025 inscitia
1240 2949 1295 3040 po·

71 3061 144 3137 puli,
168 3073 200 3124 et
224 3062 456 3145 sidolopavinc
478 3077 610 3141 prorsus
634 3059 829 3122 ethnicarum
854 3063 978 3122 similes
989 3059 1024 3145 ⁸).
1057 3065 1169 3125 Omnia
1192 3061 1298 3127 autem

71 3165 218 3244 Episcopo
243 3166 390 3227 molienti
415 3165 670 3226 emendationem
698 3165 847 3249 faciliora
871 3173 996 3234 essent,
1030 3167 1058 3226 si
1088 3168 1150 3228 boc
1179 3167 1307 3228 bellum-
1417 3167 1432 3182 “

74 3267 98 3325 in
117 3269 231 3330 vicinis
254 3267 337 3329 iocis
359 3277 421 3329 non
447 3269 638 3336 exarsisset,
663 3268 748 3341 quod
768 3265 914 3326 fortassis
932 3272 963 3325 et
975 3261 1108 3343 Belgica
1124 3275 1157 3326 et
1174 3266 1298 3328 Galliae

75 3371 125 3429 erit
146 3369 290 3432 eriltiale.
313 3371 381 3432 'lle
406 3371 561 3447 Crumpeo
587 3370 668 3430 nihil
691 3369 811 3430 andivi.
858 3369 1002 3430 Medicus
1027 3371 1130 3429 adhuc
1153 3370 1243 3441 vivit,
1268 3375 1301 3430 et

75 3487 161 3550 saepe
184 3479 329 3536 amanter
350 3475 398 3534 tui
420 3475 614 3534 mentionem
638 3473 725 3534 lecit.
781 3470 869 3532 Nunc
892 3473 1021 3532 Bortinae
1044 3482 1116 3532 snut
1139 3471 1242 3533 lledio
1267 3479 1300 3532 et

75 3589 267 3609 Ἢ..

75 3675 142 3712 marn
158 3663 197 3715 ric
217 3665 380 3732 inscriptam
399 3677 476 3716 esne:
488 3664 619 3731 Epistola
638 3663 671 3715 ll.
689 3663 811 3730 Philippi
830 3662 1030 3715 blalcacbtonis
1049 3664 1083 3714 ad
1101 3663 1132 3714 l).
1152 3661 1300 3726 Georgium

75 3741 367 3816 transnominatus
386 3752 420 3814 de
438 3750 642 3814 detonantibus
660 3749 929 3816 Arubiepiscppatna
949 3747 1131 3803 Golouleasls.

149 3834 173 3900 l)
197 3834 306 3907 earum}
323 3835 454 3904 Spiekerr
479 3837 575 3889 harum

147 3925 174 3986 2)
198 3921 319 3990 possim]
337 3909 467 3990 Spieker:
487 3937 633 3989 poscumus

150 4002 179 4072 3)
192 4004 244 4075 Γἱιι]
265 4009 338 4076 apud
356 4002 519 4077 Spie'liernui
542 4009 630 4061 deest.

148 4093 175 4157 4)
197 4092 351 4160 cogitatas]
369 4091 500 4162 Spielrel:
521 4095 649 4160 cognitas
689 4096 692 4106 ’

150 4179 186 4242 b)·
201 4181 251 4232 aad
270 4180 396 4235 doctrina
413 4205 449 4223 *-
465 4179 665 4248 corrigiarum]
684 4180 758 4247 apud
777 4178 940 4247 Spiebsrum
959 4179 1068 4228 denunt.
1111 4191 1113 4198 ’

148 4265 178 4330 d)
201 4265 453 4332 Epantriondlci]
472 4264 603 4333 Spiekar:
623 4266 762 4330 appulsis
779 4265 884 4318 ordinis
980 4323 982 4328 ,

152 4349 180 4416 7)
202 4349 241 4401 De
260 4351 313 4402 hoc
331 4351 378 4403 Dr.
397 4352 455 4406 lon.
475 4343 613 4418 Gropero,
638 4351 776 4402 canonico
802 4348 956 4401 Coloniensi
981 4348 1044 4398 vide
1069 4345 1196 4416 Spiekeri
1220 4364 1302 4400 anno·

81 4433 194 4486 tationem
214 4437 239 4490 9.
259 4435 277 4487 l.
292 4437 309 4487 l.
328 4439 434 4504 padi&
679 4477 682 4482 .
728 4475 730 4484 .

153 4522 180 4588 8)
202 4520 398 4590 εἰδωλομανίαι
414 4539 457 4590 pr.
470 4524 641 4576 ethnicarum
652 4522 791 4589 similem]
811 4520 940 4589 Spielmr:
960 4516 1144 4585 alemannum
1155 4537 1198 4588 pr.
1215 4521 1300 4572 etbui-

82 4619 120 4655 cae
136 4607 238 4663 similia.
628 4641 634 4646 -
677 4637 679 4646 =
939 4641 940 4646 =

1098 4691 1163 4752 12*
