3072 5208
466 315 712 373 surruuuurrrn
732 315 814 371 nuru
835 315 911 368 rma.
1231 293 1301 362 Μ

86 452 172 544 arim,
195 475 252 534 sed
273 472 391 552 Angli
411 475 499 538 illurn
522 491 585 538 non
608 471 786 539 dimittunt,
816 476 851 532 ut
874 485 979 545 noque
1000 467 1122 542 Frisii,
1148 472 1190 531 ad
1217 485 1300 546 quos

85 579 186 640 adver
209 577 333 641 redibit.
385 575 511 638 Utinam
542 575 601 636 tibi
631 573 822 650 contigisset
845 573 959 634 audire
979 570 1148 652 Legatum
1169 571 1301 652 Angla·-

85 699 145 746 rum
164 678 317 753 optimum
340 679 465 748 Virum,
489 677 545 752 qui
567 677 608 737 de
631 676 740 738 multis
763 675 877 745 multo,
902 691 984 750 quae
1008 674 1073 734 tuis
1096 673 1300 753 cogitationi-

84 784 131 842 bus
151 783 308 857 permitto.
360 777 524 848 Brircaaa's
547 787 635 844 certo
658 785 798 844 mortuns
827 785 862 838 ut
885 785 917 838 et
938 775 1106 850 Sooalr‘us,
1136 779 1190 854 qui
1219 795 1301 838 unus

84 891 165 946 totam
189 885 282 950 istam
297 884 507 962 Tragoediam
530 882 674 950 ludebat,
699 878 859 956 sigillator
882 886 914 939 et
937 895 1069 955 praeses
1082 880 1301 942 Bruxeliensis

83 989 170 1048 aulae.
219 988 282 1052 Sed
306 986 525 1062 quocontra,
556 1003 613 1044 nos
643 983 741 1048 hodie
763 984 939 1058 sepelimus
968 983 1174 1045 fortissimum
1200 984 1302 1043 virum
1328 977 1330 982 ’

85 1085 310 1160 Theodericum
338 1085 542 1155 Vossianus»
572 1069 757 1153 Consulem:
787 1085 897 1148 reddat
926 1087 1019 1156 nobis
1047 1088 1134 1148 Deus
1164 1087 1301 1162 aliquem

83 1191 128 1250 illo
141 1193 304 1260 meliorem
319 1211 356 1254 ae
371 1191 634 1255 constantiorem:
658 1186 790 1263 reliquit
804 1189 890 1261 apud
903 1207 961 1250 nos
976 1191 1089 1250 multas
1105 1188 1300 1250 christianas

84 1311 166 1356 voces
196 1296 308 1372 plenas
340 1291 539 1354 Christianae
570 1291 769 1350 constantiae
792 1298 824 1348 et
847 1290 987 1366 pietatis.
1043 1293 1144 1353 Huius
1168 1298 1301 1353 mortem

18 1451 19 1456 ,
82 1402 137 1457 tota
159 1399 271 1458 civitas
301 1399 370 1457 iure
400 1398 519 1473 plorat3
559 1401 591 1453 et
621 1394 679 1454 alii
707 1394 804 1455 aliter.
831 1393 1085 1470 interpretantur.
1141 1396 1207 1472 Ego
1238 1413 1300 1456 non

82 1499 236 1571 alicime,
260 1519 353 1576 qnam
377 1500 459 1576 quod
483 1500 571 1569 Deus
595 1495 667 1576 ipse
690 1495 759 1568 uult
780 1494 866 1570 bella
889 1503 998 1558 nostra
1021 1499 1205 1576 depugnare
1230 1498 1301 1559 sine

81 1603 214 1664 humanis
238 1602 420 1681 praesidiis.
466 1605 512 1662 lta
536 1602 620 1662 enirn
643 1601 724 1658 malo
750 1599 810 1659 hoe
833 1601 1047 1676 interpretari,
1071 1619 1163 1678 quarn
1186 1603 1299 1679 punire

82 1723 129 1775 nos
150 1709 229 1767 uelit
252 1708 368 1768 ablatis
393 1707 484 1766 bonis
510 1704 602 1764 viris:
626 1704 739 1763 mirum
762 1709 883 1791 tumen,
908 1705 992 1779 quod
1016 1707 1076 1766 boc
1097 1707 1300 1781 sesquianno‚

83 1827 134 1883 quc
158 1811 209 1870 hic
231 1828 310 1888 ago⁴
335 1810 427 1886 uobis
449 1805 781 1889 septeusSmuteurm
804 1813 870 1880 ires
894 1805 1136 1882 prudentissimi
1153 1809 1302 1869 consules

81 1914 185 1972 mortui
208 1919 295 1982 sunt,
327 1914 357 1973 in
382 1911 496 1987 quinus
523 1927 597 1979 vere
629 1926 749 1982 summa
776 1925 879 1980 rerum
910 1912 1021 1983 stabat.
1064 1913 1221 1987 Dominus
1243 1929 1302 1971 nos
1401 1934 1403 1937 ’

83 2016 222 2092 respiciat
244 2014 512 2092 misericorditer,
545 2021 654 2086 Amen,
693 2010 824 2080 'Nostra'
845 2009 983 2080 &mites
1012 2015 1112 2080 tonas
1135 2013 1197 2080 uiri
1220 2019 1302 2081 sunt,

18 2197 19 2202 ἵ
83 2123 109 2176 et
126 2121 206 2183 bona
228 2133 286 2193 spe
311 2123 534 2178 sustentantur.
585 2117 676 2175 Alter
698 2115 751 2174 hic
774 2121 841 2184 est,
866 2116 947 2176 alter
970 2116 1001 2176 in
1025 2116 1144 2177 vicinia
1166 2116 1205 2176 ad
1229 2132 1299 2177 sex-

18 2273 19 2276 ,
82 2225 135 2278 turn
159 2221 299 2290 miliare,
323 2221 380 2280 sed
402 2218 530 2280 interim
553 2220 591 2279 ad
615 2237 673 2279 nos
698 2217 845 2278 excurrit.
890 2217 1031 2294 Uterque
1055 2219 1135 2280 mihi
1158 2225 1207 2279 est
1230 2221 1289 2280 cha

82 2323 232 2396 rissimus3
263 2330 295 2383 et
318 2323 372 2399 qui
395 2323 435 2381 de
458 2323 552 2382 rebus
580 2322 703 2398 magnis
738 2339 799 2380 non
831 2321 975 2381 dubitent
1006 2339 1126 2382 rnecmn
1152 2323 1302 2398 colloqui.

83 2425 236 2491 butinam
266 2434 369 2486 tecum
400 2443 504 2486 coram
537 2426 677 2493 videam,
709 2441 801 2499 quarn
829 2431 862 2482 tc
892 2427 1019 2499 plenum
1048 2427 1184 2486 lacerem
1214 2426 1302 2502 pleni

83 2527 197 2600 gaudii,
219 2529 253 2590 id
273 2535 307 2589 tn
329 2535 434 2589 tarmen
459 2529 553 2603 paulo
577 2545 670 2596 mox,
694 2528 789 2601 quale
812 2527 871 2596 sit,
895 2527 1035 2588 videbis:
1061 2528 1091 2588 ln
1116 2530 1245 2588 silentio
1269 2516 1321 2586 ct'

85 2645 132 2702 spe
155 2631 304 2692 tortitudo
330 2639 444 2691 nostra.
479 2631 567 2690 Vivit
590 2632 644 2688 ille
660 2629 872 2691 absconditus
895 2632 991 2691 Deus.
1026 2631 1060 2691 ld
1082 2631 1134 2691 dic
1157 2630 1302 2692 omnibus

84 2731 335 2810 Praeceptoribus
365 2741 396 2792 et
418 2733 563 2795 Patribus
593 2733 719 2797 nostris„
772 2729 924 2795 Bueerua
951 2736 1023 2794 heri
1052 2736 1092 2796 ad
1119 2751 1171 2796 me
1194 2736 1303 2803 multa,

85 2835 132 2892 sed
156 2825 239 2907 varia
261 2853 317 2905 ca,
340 2843 375 2904 ut
399 2843 542 2912 tempora
565 2842 654 2904 sunt,
682 2841 713 2902 et
736 2835 824 2896 illins
841 2836 935 2896 Urbis
954 2838 1171 2914 perplexitas,
1194 2844 1299 2900 tamen

83 2936 155 2996 bene
176 2946 329 3016 speratur.
376 2937 454 2997 llira
476 2938 516 2996 de
538 2934 702 3008 Caesare,
731 2933 849 3011 Gallo,
879 2937 1016 3018 Aegle,
1038 2937 1155 3014 Dario,
1177 2938 1301 3004 Porsen

85 3042 218 3112 statiis,
249 3057 331 3117 quae
361 3043 468 3117 qualia
498 3041 561 3100 sint
590 3041 718 3108 docebit
747 3047 881 3118 tempus.
932 3044 995 3104 Nos
1018 3043 1147 3106 interim
1170 3061 1303 3106 oremus.

85 3137 244 3214 bttuatur,
268 3147 420 3214 obsecro,
443 3145 547 3205 scribe
572 3145 610 3206 cd
635 3163 708 3215 noS,
739 3144 817 3220 quid
840 3147 1061 3218 constitutum,
1094 3149 1170 3223 quid
1194 3150 1302 3208 obten-

18 3259 20 3268 ’
85 3247 141 3304 tum
161 3255 213 3309 aut
235 3247 424 3324 permissum
449 3246 481 3306 in
505 3247 619 3310 vestris
642 3247 780 3322 synodis
804 3255 835 3307 et
859 3250 1083 3310 conventibus.
1129 3250 1186 3310 llic
1208 3250 1300 3311 multi

85 3356 216 3420 uerrunt,
240 3349 325 3424 quod
347 3364 488 3416 rumores
512 3355 698 3424 spargantur
732 3350 789 3420 de,
811 3353 922 3412 nescio
944 3370 1020 3428 qua,
1043 3351 1248 3412 conniventia
1266 3351 1305 3412 ad

85 3443 224 3515 [merim.
278 3452 339 3512 Sed
370 3461 436 3528 ego*
462 3458 566 3518 statuo
602 3470 621 3511 a
651 3453 741 3518 vobis
775 3453 856 3514 nihil
888 3456 1093 3531 permissum,
1130 3455 1214 3530 quod
1242 3472 1305 3517 non

85 3548 156 3612 bona
177 3553 375 3617 conscientia
397 3553 510 3614 donari
532 3555 643 3630 possit.
694 3555 738 3616 Ea
768 3555 847 3618 milri
870 3556 910 3615 de
934 3558 1079 3618 omnibus
1103 3558 1193 3618 vobis
1218 3563 1305 3617 certa

86 3667 150 3726 spes
173 3663 239 3727 est,
270 3675 363 3732 quam
393 3657 461 3718 scio
484 3677 542 3717 vos
572 3677 634 3722 non
663 3660 806 3720 lalsuros.
859 3659 922 3719 Nos
953 3659 1303 3738 pergimnsunanimes

87 3759 114 3810 et
134 3764 311 3822 constantes
341 3759 372 3821 in
403 3757 582 3822 ministerio
612 3766 718 3824 nostro
751 3763 877 3822 nemine
900 3763 1108 3838 prohibente,
1131 3765 1303 3824 acclaman-

86 3852 159 3917 tibus
181 3861 343 3923 omnibus:
367 3879 435 3924 narn
461 3863 597 3934 omnium
622 3880 684 3924 una
708 3881 777 3926 uox.
822 3864 1016 3941 Pugnemus‚
1049 3873 1102 3926 ant
1129 3875 1216 3928 corte
1239 3885 1304 3928 mo·

85 3955 190 4022 riemur
213 3981 269 4039 pro
292 3965 366 4040 lege
389 3971 422 4024 et
443 3980 556 4041 grege:
602 3967 752 4026 moriatur
774 3969 879 4028 anima
897 3975 1004 4029 nostra
1020 3976 1120 4029 morte
1143 3969 1306 4030 iustorum.

87 4060 228 4137 Cuperem
260 4063 535 4144 Humbrrrgeusea
571 4064 692 4134 Patres
733 4086 860 4130 cessare
898 4090 917 4132 a
949 4073 1018 4134 rixa
1066 4073 1107 4132 de
1138 4069 1308 4134 Doscscau

87 4157 265 4240 Obruitur
287 4166 434 4244 infusos,
463 4169 589 4244 dequo
619 4178 705 4234 tuam
734 4180 868 4249 expecto
898 4175 1106 4254 sententiam,
1132 4182 1168 4234 ut
1191 4176 1232 4234 de
1252 4192 1305 4245 ec,

88 4268 162 4334 utrod
183 4287 281 4348 nuper
305 4272 432 4348 rogari,
458 4287 497 4332 ex
521 4272 704 4334 obiectione
728 4277 998 4348 adversariorum,
1021 4280 1076 4354 qni
1101 4277 1225 4338 seilicet
1240 4280 1306 4349 fiat,

87 4372 118 4422 bt
138 4385 226 4442 quum
250 4376 437 4434 haberemus
462 4393 523 4435 non
556 4381 672 4436 tanturn
696 4376 915 4454 irnputativam
944 4382 982 4439 ab
1007 4381 1124 4458 Adamo
1150 4388 1181 4440 et
1204 4379 1306 4442 labem

90 4473 118 4524 θῑ
137 4472 379 4546 damnationem,
411 4478 567 4551 quomodo
599 4497 660 4538 non
690 4481 721 4539 in
746 4483 871 4540 Christo
904 4482 1000 4556 etiqm
1022 4491 1149 4563 praeter
1174 4484 1306 4559 imputa-

89 4569 174 4634 tiranr
203 4579 376 4638 habeamus
405 4581 499 4639 talem
530 4580 684 4666 iustitiam
716 4584 950 4652 inhaerentem,
981 4590 1012 4639 et
1045 4588 1305 4669 personalemud
