3120 5206
202 307 225 377 2
593 323 837 376 surrrnnnurn
857 324 939 374 num
963 329 1039 380 rora.

201 481 281 542 mihi
313 480 505 557 persuadere
534 478 625 556 potui
653 479 716 539 nisi
748 477 840 540 deum
874 480 951 550 sibi,
981 481 1089 550 matri,
1122 480 1246 542 Sanctis
1278 488 1308 541 ct
1338 481 1440 542 Musis

203 585 345 646 omnibus
380 583 542 660 delegisse
576 583 613 642 ab
648 589 777 643 aeterno
807 584 1056 660 Wittenbcrgam
1092 585 1286 660 peculiarem
1318 585 1439 644 sedem.

201 689 264 748 Res
306 688 378 764 ipsa
413 687 475 746 hoc
517 692 682 745 monstrat:
725 693 759 745 ut
801 685 946 762 quisquis
989 686 1072 746 inter
1113 687 1313 747 academicos
1355 687 1441 748 addo

202 789 296 850 etiam
338 789 426 848 cives
468 787 586 864 pollet,
625 787 670 848 ita
710 788 767 847 illo
808 789 1010 849 familiariter
1051 796 1137 863 utor3
1182 790 1308 866 longum
1351 771 1443 850 esset

201 893 371 980 amicorum
401 892 578 967 catalogum
606 905 787 950 recensere.
847 891 934 962 Quod
973 899 1006 951 tu
1037 908 1164 967 quoquc
1195 909 1276 968 quae
1305 900 1359 955 tua
1389 900 1450 952 est,

200 995 374 1066 modestia,
407 995 469 1052 etsi
500 1009 561 1070 ego
593 1009 723 1069 sperare
753 1013 814 1055 non
845 996 1015 1065 audebam,
1049 1011 1149 1056 meam
1181 996 1351 1056 amicitiam
1375 1014 1441 1056 nou

201 1096 397 1173 aspernaris,
421 1112 482 1172 ago
505 1095 673 1170 habeoque
696 1096 890 1157 immortales
913 1098 1040 1174 gratias.
1081 1096 1147 1158 Hoc
1165 1116 1260 1158 unum
1279 1104 1442 1173 superest,

199 1206 234 1260 ut
256 1214 307 1259 me
330 1197 428 1259 utaris
451 1198 567 1258 amico:
592 1197 619 1256 si
643 1199 702 1258 tibi
725 1217 854 1275 possum
878 1216 992 1278 gerere
1015 1217 1150 1290 morem,
1175 1201 1226 1260 cui
1248 1200 1323 1260 dare
1344 1201 1442 1260 lieno-

199 1303 306 1363 ficium
329 1301 477 1379 accipere
501 1306 568 1371 est,
599 1300 654 1375 qui
678 1301 820 1379 lrenico,
842 1303 980 1365 Hutteno
1005 1312 1037 1364 et
1060 1303 1194 1379 reliquis
1217 1302 1351 1363 eruditis
1375 1321 1441 1364 non

200 1405 375 1484 vulgariter
404 1404 594 1472 celebraris,
625 1404 680 1479 qui
709 1411 763 1466 tua
792 1407 910 1466 virtute
933 1407 1183 1485 Wittenbergam
1214 1407 1309 1467 immo
1340 1393 1442 1466 Saxo-

200 1509 281 1568 niam
315 1509 472 1577 illustras,
502 1512 565 1566 lam
594 1506 707 1568 faciam
738 1509 853 1568 lubens
884 1527 975 1584 quam
1006 1511 1060 1585 qui
1091 1511 1227 1570 maxime
1263 1509 1441 1568 desiderat.

200 1592 454 1681 interca—mittit
487 1610 649 1686 Koberger
683 1609 809 1671 unicum
851 1613 936 1687 quod
976 1613 1071 1673 babel
1108 1612 1285 1688 exemplum
1319 1610 1443 1682 bibliae

200 1713 340 1774 Graecae
355 1713 518 1788 Lipsiensi
543 1711 684 1771 institori
708 1730 785 1782 suo,
810 1714 893 1788 quod
917 1715 1063 1775 aestimat
1086 1715 1193 1775 aureis
1217 1721 1305 1786 osbo3
1330 1715 1441 1773 lorsan

198 1834 267 1877 cum
290 1832 361 1881 meo
384 1815 513 1882 nombre
536 1814 659 1890 aliquid
681 1812 828 1887 remittet.
874 1815 1012 1890 Fratrem
1036 1815 1253 1894 Otthonem¹),
1290 1819 1325 1878 Ι).
1354 1817 1442 1877 Carl-

199 1921 282 1980 stadt
306 1927 337 1982 ct
360 1917 502 1995 reliquos
526 1918 645 1978 etnicos
672 1919 766 1991 cupio
792 1919 906 1979 valere.
946 1922 993 1981 De
1015 1936 1050 1978 re
1065 1920 1253 1981 Martiniano
1273 1919 1441 1995 perscribo

199 2025 353 2104 otthoni„
371 2023 497 2100 quicum
518 2023 604 2085 seria
628 2027 659 2083 et
683 2023 789 2085 omnia
812 2023 990 2086 communia
1011 2025 1124 2092 babeo.
1156 2021 1315 2106 liuprimis
1332 2028 1441 2082 autem

198 2127 383 2186 commendo
407 2124 466 2185 tibi
488 2125 587 2184 filiurn
611 2139 713 2184 mcum
738 2125 780 2184 lo.
805 2127 929 2184 Tuclrer
958 2126 1148 2202 gaudeoque
1179 2132 1232 2185 tua
1256 2123 1442 2184 eruditione

197 2228 371 2288 rediturum
395 2228 520 2303 qualem
542 2227 679 2287 maxime
703 2232 869 2303 expecto.v
893 2228 956 2288 Sed
981 2228 1043 2289 ianr
1066 2234 1238 2288 metatum
1262 2228 1320 2288 tibi
1344 2226 1440 2290 dedo.

200 2332 297 2401 Vale2
315 2331 358 2392 mi
382 2332 503 2410 optime
526 2329 690 2407 Philippe,
715 2337 747 2388 ct
771 2346 820 2390 me
844 2338 951 2396 mutuo
975 2349 1053 2394 ama
1098 2332 1210 2403 Datum
1234 2329 1441 2406 Nurnborgoe

197 2434 238 2494 ad
259 2435 294 2494 X.
318 2433 470 2496 kalendas
493 2433 681 2494 Novembris
704 2450 787 2494 anno
814 2435 906 2498 1518.
1168 2521 1191 2580 G
1223 2518 1243 2578 S
1278 2517 1297 2578 d

714 2625 918 2634 ——-—-—-----

199 2764 225 2821 a.
270 2765 323 2820 rou
347 2761 416 2821 art
460 2746 579 2836 (norb.
601 2762 708 2837 aar>
1160 2752 1225 2840 (rs.
1241 2759 1425 2832 noemam,

332 2960 522 3028 Martinus
550 2952 736 3024 Lambrus
762 2951 813 3024 ud
839 2950 934 3026 Pltl.
962 2949 1302 3024 Metanctrtooem.

265 3087 338 3138 liaeo
358 3088 476 3154 epistola
491 3086 804 3150 Wiltebcrgae'seripta
824 3083 932 3150 legatur
950 3087 977 3136 in
993 3085 1028 3134 da
1045 3083 1140 3134 Waltii
1152 3083 1314 3139 collectione
1330 3080 1437 3146 episto·-

300 3177 388 3226 larum
407 3175 520 3228 Lutlreri
545 3174 649 3254 Tomis
671 3190 702 3240 o.
723 3174 773 3224 171,
791 3189 832 3236 aq·
856 3172 905 3228 Nu.
924 3174 967 3228 93.

720 3340 925 3354 mna-n

198 3491 225 3554 t.
269 3495 323 3550 no.
347 3486 417 3553 aar.
462 3487 725 3561 (r01.1.p.5o.)
857 3485 859 3488 ·
1215 3445 1266 3545 aa
1287 3441 1434 3550 uectum.

263 3571 432 3598 Μ
1224 3563 1433 3592 m

265 3679 548 3772 christophorus
575 3678 792 3761 Sabburtmo
825 3675 881 3758 ud
898 3675 996 3751 Pbtt.
1023 3675 1370 3760 Melouclrtdorram„

264 3819 338 3868 Haec
357 3814 475 3884 epistola
493 3815 520 3864 in
536 3811 608 3864 libro
627 3823 711 3879 supra
731 3811 765 3862 sd
785 3811 832 3864 blo.
844 3813 870 3864 b
888 3811 1025 3864 recensito
1045 3811 1121 3866 Tont.
1141 3812 1226 3879 inp.¹
1240 3810 1282 3860 lb.
1302 3807 1348 3862 Nr.
1370 3808 1431 3860 185.

299 3905 416 3971 primum
436 3901 511 3953 edita
530 3906 584 3968 cst.-

565 4085 568 4092 ,
596 4015 755 4102 Philippo
784 4016 1022 4083 Melanclrtom’.

281 4127 360 4204 Legi
383 4125 591 4187 suavissimas
615 4125 736 4184 litteras
758 4131 828 4183 tuas
847 4121 946 4204 (quiae
959 4123 1039 4182 mibi
1058 4119 1184 4190 tribuis,
1204 4137 1266 4181 non
1290 4134 1431 4196 agnosco

196 4237 322 4308 praeter
350 4231 486 4290 animum
514 4235 553 4286 ct
584 4227 668 4302 quod
695 4228 794 4287 -video
823 4227 866 4286 de
896 4241 946 4287 me
976 4239 1103 4299 quoque
1133 4223 1431 4295 Wittcnlmrgeuses

194 4334 281 4393 valia
315 4333 431 4393 mereri
466 4329 564 4415 bene)
598 4331 652 4405 qui
669 4329 1009 4407 wtttonbmgensimn
1047 4327 1187 4387 deliciae
1224 4322 1431 4403 praedicaris,

195 4439 252 4512 qui
288 4436 476 4496 fidelissime
513 4435 627 4503 doces,
662 4434 807 4494 omnibus
845 4447 948 4506 aeque
984 4431 1113 4501 cuorus,
1154 4434 1306 4504 acceptus
1335 4443 1431 4502 saera

196 4572 399 4584 ..unm-4

284 4641 308 4706 l)
329 4641 454 4692 Ottonem
473 4641 690 4702 Bcakmannum,
706 4638 929 4688 iurisconsultum
947 4642 976 4685 rt
988 4635 1152 4687 &donicum
1169 4633 1428 4697 Wittebargarrsrnn.
