3064 5206
449 327 694 408 sparcanaura
713 328 807 416 auru¹
818 327 904 407 rasa:
1224 310 1287 406 ,³2⁰1

62 489 146 560 mici,
170 495 203 550 et
229 488 311 550 inter
334 507 392 550 rios
417 487 504 546 multi
529 484 575 562 pii
599 487 824 562 languescunt,
850 491 881 544 et
900 485 931 567 in
947 483 1175 548 dubitationem
1193 485 1288 549 addu-

60 599 178 652 cuutur:
217 592 321 662 Quare
345 606 496 651 suasores
519 589 725 650 mutationum
750 588 891 664 graviter
912 595 1119 658 accusantur,
1149 594 1182 646 et
1197 586 1289 670 judi·

59 701 159 756 cantur
190 693 410 755 scandalorum
445 691 618 771 insignium
653 677 800 752 auctores
837 705 931 759 esse,
968 687 1122 750 videlicet
1158 690 1288 768 langue-

58 795 201 856 lactionis
226 795 259 856 in
283 812 323 857 ea
345 801 453 870 parte,
488 808 571 868 quac
596 800 682 852 recte
707 791 822 860 sentit,
853 799 883 849 et
908 789 1159 855 confirmationis
1183 807 1287 877 erran-

59 899 146 968 tium,
170 895 312 972 denique
336 904 368 956 et
392 893 627 957 obscurationis
651 893 799 978 veritatis
820 901 851 954 ct
874 894 998 972 gloriae
1021 894 1090 954 Dei.
1126 892 1211 954 llaec
1226 912 1288 957 noa

58 1008 121 1060 sunt
145 999 266 1076 exigua
289 999 390 1068 mala,
420 995 460 1058 de
492 997 619 1081 quinus
636 1004 753 1079 postea
783 1013 890 1068 rursus
921 995 1088 1084 dictandum
1112 994 1190 1069 crit,
1220 1013 1287 1070 cum

58 1103 180 1164 collatio
205 1103 263 1164 liet
286 1101 524 1168 scandalorum,
556 1115 638 1176 quae
662 1115 702 1162 ex
726 1097 909 1160 durioribus
939 1105 971 1158 et
993 1099 1195 1160 mollioribus
1219 1116 1289 1160 sen-

58 1203 163 1266 tentiis
187 1211 373 1281 sequuntur.

133 1305 226 1368 Prius
264 1314 370 1367 autem
406 1302 616 1366 discernenda
653 1311 703 1364 est
738 1287 900 1364 confessio
938 1263 1061 1380 privata
1093 1322 1111 1365 a
1141 1306 1289 1380 consilio,

58 1409 134 1484 qriod
158 1409 237 1471 aliis
260 1407 395 1470 infirmis
420 1415 449 1467 et
474 1404 687 1468 dissimilibus
711 1407 810 1466 datur.
864 1407 1053 1473 Laurentius
1083 1415 1169 1471 recte
1201 1407 1290 1482 tecit,

58 1512 134 1585 quod
158 1518 292 1573 mortem
316 1508 469 1586 praetulit
492 1507 598 1569 edicto
621 1508 715 1571 Decii
739 1508 780 1568 de
802 1507 957 1584 pecunia:
992 1509 1063 1570 Fuit
1087 1509 1171 1573 enim
1194 1512 1226 1574 in
1251 1527 1289 1574 ea

58 1613 225 1676 occasione
249 1613 412 1674 confessio
434 1612 506 1672 eius
530 1609 703 1681 illustrior,
728 1617 760 1670 et
782 1612 856 1671 talis
881 1609 1038 1677 celsitudo
1062 1614 1161 1676 animi
1181 1615 1288 1692 singu-

58 1715 111 1776 lari
140 1723 230 1778 motu
259 1714 399 1794 Spiritus
430 1711 532 1775 sancti
561 1712 736 1774 iurabatur.
774 1710 889 1798 ,Atius
909 1713 1069 1776 timidior
1097 1715 1288 1787 censuisset,

60 1819 221 1892 pecuniam
245 1819 355 1894 potius
378 1814 581 1876 amittendam
606 1828 697 1884 esse,
728 1831 820 1890 quam
843 1815 956 1882 vitam,
992 1823 1022 1876 et
1047 1817 1165 1904 pluuisset
1195 1817 1290 1902 huius

60 1919 222 1980 infirmitas
247 1917 451 1980 excusabilis.
751 1904 754 1912 ’
1196 1971 1201 1981 ,

138 2021 226 2084 Nihil
251 2020 349 2098 igitur
377 2016 672 2096 liic‘praescribam
702 2019 855 2106 fortibus,
892 2016 947 2094 qui
979 2017 1076 2082 etiam
1104 2019 1169 2081 levi
1200 2039 1289 2089 occa-

61 2122 146 2185 sione
169 2123 406 2186 confessionem
429 2119 586 2184 illustrem
610 2139 668 2182 suo
692 2122 837 2200 periculo
861 2122 957 2182 edere
980 2123 1100 2194 poliunt.
1157 2124 1220 2186 Sed
1243 2125 1289 2185 vi·
1357 2193 1359 2198 ,

61 2225 164 2298 deant,
194 2245 234 2288 an
259 2243 350 2288 veras
381 2225 557 2285 sententias
587 2225 813 2300 profiteantur,
844 2231 876 2284 ct
908 2240 1015 2293 aarum
1045 2226 1149 2288 tontes
1174 2221 1290 2302 uoriut',

63 2336 90 2387 et
110 2349 171 2392 uon
199 2330 264 2392 sint
287 2323 519 2410 dacoddsaetoa,
542 2327 574 2388 id
599 2334 664 2398 ost,
688 2329 826 2388 audaces
846 2334 920 2387 anta
943 2345 1098 2408 pugnam,
1123 2335 1154 2388 et
1176 2337 1290 2404 postea

62 2426 216 2512 inpugna
239 2432 402 2510 trepidare
433 2437 466 2491 et
489 2429 628 2489 delicere
658 2428 830 2506 incipiant:
865 2431 975 2507 quales
1006 2427 1145 2492 vidimus
1174 2433 1289 2502 multos

65 2549 156 2610 usque
184 2536 224 2597 ad
253 2532 390 2632 ancillae
419 2547 529 2593 vocem
559 2531 676 2602 fortes,
706 2541 740 2592 ut
767 2517 803 2593 ¹in
826 2531 910 2594 Petri
941 2531 1076 2596 historia
1108 2535 1288 2617 exemplum

65 2639 195 2710 positum
217 2645 277 2699 cst.
1172 2691 1176 2702 .

141 2741 208 2802 Non
241 2747 349 2802 autem
378 2737 418 2799 dc
448 2738 573 2815 privata
595 2735 800 2800 confessione
823 2696 968 2818 disputo:
1001 2739 1057 2816 sed
1089 2739 1128 2804 de
1153 2739 1288 2806 coasilio

64 2839 156 2904 dando
180 2843 256 2906 aliis
279 2837 492 2902 dissimilibus
516 2848 548 2900 et
574 2841 724 2900 infirmis:
755 2849 789 2902 ιιι
811 2843 873 2904 hoc
897 2849 1041 2926 tempore
1063 2843 1156 2913 multi
1177 2845 1290 2922 guber·

65 2952 182 3008 natores
212 2952 342 3024 petunt,
371 2951 406 3004 ιιι
437 2950 583 3020 pastores
613 2959 665 3004 res
666 2917 794 3006 tituant
811 2945 937 3020 aliquos
967 2945 1047 3004 ritus
1077 2944 1291 3026 Adiaplioros,

66 3061 189 3126 eamque
212 3045 461 3110 moderationem
487 3052 621 3122 sperant-
637 3047 852 3122 profatur-,am
876 3052 910 3107 ut
930 3047 1002 3123 plus
1018 3065 1080 3109 non
1099 3049 1290 3136 postuletur,

64 3166 99 3209 ne
118 3155 281 3243 turbentur
304 3134 485 3218 Ecclesiae,
509 3154 640 3227 propter
662 3149 744 3210 alias
768 3164 820 3210 res
844 3146 991 3212 maiores.

142 3255 198 3316 llic
214 3230 326 3314 tamen
351 3251 473 3321 sentio,
505 3249 689 3325 petentibus
719 3252 816 3312 talem
839 3248 1088 3334 moderationem
1109 3251 1290 3335 gratifican-

65 3353 129 3416 dum
152 3372 234 3421 esse.
279 3351 375 3418 Ncc'
367 3369 497 3438 ignoro,
522 3354 620 3414 multa
643 3351 772 3414 horride
798 3358 830 3413 et
854 3350 963 3413 Stoice
987 3352 1069 3422 dici,
1094 3371 1196 3446 quam
1210 3358 1291 3418 hanc

66 3455 247 3516 sententiam
272 3430 329 3516 scu
352 3451 563 3532 timidiorem,
588 3445 647 3514 scu
668 3451 874 3530 aequiorem,
897 3471 967 3516 cum
991 3453 1084 3544 initia
1105 3458 1291 3538 mutationis

66 3561 241 3620 confirment
262 3557 483 3633 adversarios,
507 3574 547 3616 ne
571 3556 701 3634 quidem
724 3574 823 3636 parva
846 3557 987 3618 ducenda
1008 3573 1081 3618 csse
1078 3559 1289 3641 adiaphora,

65 3655 143 3722 lianc
164 3647 327 3722 duriorem
350 3658 535 3738 opinionem
566 3659 595 3719 si
619 3659 674 3736 qui
697 3661 949 3739 amplectuntur,
981 3678 1056 3728 suo,
1087 3679 1147 3722 non
1172 3661 1291 3737 aliano,

66 3761 198 3836 periculo
229 3764 468 3860 amplectantur.
526 3765 600 3824 Cum
631 3763 741 3824 Petrus
778 3759 875 3836 dicit,
912 3763 1096 3843 patiendum
1134 3780 1207 3826 esse
1237 3768 1291 3827 ubi

66 3881 138 3940 opus
161 3874 224 3928 cst:
248 3867 423 3945 praecipit,
446 3875 481 3927 ut
504 3868 665 3928 confessio
687 3864 729 3926 sit
718 3865 791 3925 tde
814 3869 908 3926 rebus
929 3863 1293 3940 seriisetnecessariis‚

66 3975 93 4026 et
119 3969 243 4033 occasio
274 3966 318 4028 sit
349 3951 500 4040 honesta,
535 3970 672 4030 adcundi
706 3970 900 4046 periculum:
936 3975 970 4028 ιιι
994 3985 1063 4029 cum
1070 3945 1291 4066 magistratus

66 4069 259 4152 interrogarit
282 4072 322 4131 de
345 4069 506 4142 doctrina,
536 4073 589 4132 vel
613 4074 790 4159 praecipit,
821 4080 854 4132 ut
885 4073 1005 4132 lacto'
998 4090 1087 4154 ipso
1100 4059 1290 4168 abiiciamus

66 4171 246 4258 doctrinam:
282 4173 364 4233 sicut
394 4173 519 4236 Ethnici
551 4171 809 4252 praecipiebant
844 4180 878 4231 ut
908 4159 1028 4232 milites
1067 4173 1160 4234 idolis
1195 4175 1291 4238 sacri

66 4251 222 4343 litarent,

66 4363 68 4370 ’
143 4334 253 4463 ltaque
282 4396 344 4440 non
369 4377 473 4454 solum
503 4377 590 4457 docti
614 4386 646 4440 et
669 4355 785 4464 lones,
821 4337 876 4438 sed
910 4377 1006 4439 etiam
1037 4381 1175 4476 populus
1205 4388 1291 4473 anta

68 4477 139 4540 terre
162 4483 257 4542 debet
280 4481 427 4541 veritatis
451 4465 703 4564 confessionem,
737 4481 824 4554 ¹ritae
849 4489 881 4541 et
902 4480 975 4578 paci
1005 4481 1035 4544 in
1067 4485 1161 4552 rebus
1195 4463 1291 4558 veris,

70 4599 186 4656 quarum
216 4568 360 4680 cognitio
391 4583 547 4682 omnibus
565 4583 750 4648 necessaria
783 4591 848 4670 est:
881 4589 915 4643 ιι
939 4600 1007 4644 cum
1012 4585 1228 4674 praecipitur
1250 4588 1290 4659 de
