3084 5208
462 295 709 352 SUPPLEMENTA
728 297 809 350 ANNI
831 298 905 355 icat.

531 445 676 543 luno
713 448 843 542 tota
940 566 943 575 ¹

90 628 143 687 153.
172 625 355 687 nouerat.
400 629 476 706 (va.
489 611 544 683 111.
568 645 594 701 p.
610 621 698 704 aaa.)
1071 615 1073 623 '
1170 629 1219 722 to.
1238 633 1303 690 oon.

175 713 345 740 *ov-sa
694 714 696 722 ¹
1177 719 1311 747 Μ,

464 780 653 854 toaclam
682 783 908 855 cameraria.

140 919 210 970 Hanc
229 918 376 986 epistolam
394 917 511 984 primum
531 913 618 967 edidit
632 917 703 980 Aug.
717 915 829 966 Scheler
841 929 875 965 ex
891 917 1034 984 lipparam
1047 917 1304 976 Melanohtbonieno
1419 963 1421 968 .

172 1004 349 1055 Lovaniensis
372 1001 541 1054 l’rolessoris
566 1002 624 1052 Van
650 999 684 1051 de
702 999 789 1051 Velde
812 1002 840 1052 'ru
864 1001 933 1054 nob.
959 1003 1111 1056 Nanmnnni
1135 1006 1256 1076 Serapeo
1280 1025 1305 1063 a.

170 1091 246 1148 1867.
267 1089 316 1142 No.
329 1093 354 1142 l.
374 1106 402 1156 p.
416 1090 507 1144 102-
517 1089 573 1144 tat.
592 1087 674 1155 epist·
687 1088 715 1140 0.

121 1209 196 1274 Viro
218 1216 339 1296 optimo
363 1207 532 1272 ΙοαοΙιίνια
555 1207 765 1281 camerario,
781 1205 1056 1289 ‘Bambergenao',
1077 1220 1184 1276 antico
1200 1231 1264 1278 'tun

559 1329 698 1382 sumpto,
723 1311 759 1371 S:
775 1312 813 1373 D.

155 1433 296 1495 Christus
325 1429 439 1503 faciat,
471 1437 506 1491 ut
535 1425 716 1491 rectissime
746 1429 882 1490 valeatis
912 1437 944 1492 et
968 1437 1019 1504 tu,
1054 1438 1085 1494 et
1115 1434 1306 1498 suavissima

83 1538 205 1598 coniunx
228 1543 283 1596 tua
305 1534 534 1596 honestissima
562 1538 704 1593 matrona
727 1537 759 1592 et
782 1531 877 1592 liberi
908 1533 955 1594 tui
984 1530 1169 1599 dulcissimi.
1216 1539 1305 1611 Quod

82 1639 105 1699 si
126 1637 181 1701 tibi
204 1637 381 1716 contingit,
405 1635 445 1696 de
469 1635 587 1698 ceteris
611 1635 724 1706 rebus,
748 1634 991 1708 miloachime,
1015 1637 1128 1712 nolint,
1157 1649 1190 1702 te
1213 1644 1306 1704 valde

82 1744 152 1821 erigi.
196 1741 369 1802 Meministi
399 1737 477 1800 illud
507 1738 721 1800 Pindaricum:
754 1736 790 1801 ἓν
817 1733 890 1820 παρ’
912 1736 1161 1825 ἔσλὸνπῆμαια
1183 1743 1305 1809 ’σύνδυο
1372 1797 1375 1803 ,

82 1845 213 1908 δαίονται
240 1847 372 1927 βροτοῖς
399 1835 569 1906 diductos.
599 1838 637 1904 τὰ
665 1843 725 1923 μὲν
752 1819 799 1905 ὧν
828 1833 866 1904 οὗ
888 1839 1037 1908 δύνανται
1059 1844 1171 1932 νήπιοι
1193 1843 1306 1936 κόσμῳ

82 1951 178 2034 φέρειν
206 1941 272 2011 dlt‘
302 1942 424 2029 ἁγαθοὶ
453 1944 490 2009 rt}
516 1943 597 2009 colb
627 1947 797 2030 τρέψαντες
825 1941 928 2023 digesti.
981 1953 1026 2011 Ac
1050 1957 1082 2011 te
1109 1953 1235 2030 quidem
1260 1955 1305 2015 ln-

82 2053 180 2127 primis
204 2067 379 2126 excerpere
401 2051 500 2120 bona,
526 2058 556 2109 et
579 2049 622 2110 iis
643 2051 706 2109 lrui
729 2049 840 2119 decet,
870 2065 939 2110 cum
962 2055 998 2113 ab
1021 2053 1089 2114 illis
1111 2055 1250 2130 publicis
1275 2063 1306 2117 et

81 2153 274 2217 horribilibus
309 2153 494 2213 tumultibus
526 2153 650 2213 alienus
679 2153 743 2221 sis,
776 2153 811 2212 in
848 2171 928 2228 quos
958 2170 1008 2213 me
1037 2171 1142 2217 meum
1175 2155 1305 2235 aliquod

81 2257 167 2318 lotum
195 2253 348 2332 ἐξώκειλε.
407 2253 478 2315 Tibi
509 2253 597 2314 velut
627 2254 660 2315 in
693 2259 791 2331 porta
817 2253 943 2316 sedenti
979 2255 1042 2317 frui
1071 2259 1147 2320 licet
1177 2260 1307 2337 optimis

83 2357 195 2420 studiis.
246 2359 335 2420 lianc
364 2357 552 2418 felicitatem
575 2355 641 2417 tint
664 2355 881 2434 gratulabere,
912 2365 1010 2434 teque
1034 2359 1163 2436 optimis
1186 2363 1305 2425 artibus

83 2461 241 2539 inquibus
266 2459 479 2539 pulcherrime
503 2457 644 2520 versaris
668 2457 858 2519 oblectabis:
883 2461 945 2520 etsi
969 2477 1027 2521 nec
1049 2469 1082 2521 te
1106 2463 1233 2539 quidem
1253 2467 1306 2526 de-

82 2565 182 2642 lngere
204 2561 443 2626 certamina'ac
473 2561 617 2639 pericula
648 2578 704 2638 pro
728 2562 892 2636 republica
919 2565 1031 2642 velim,
1062 2567 1190 2648 siquid
1214 2571 1307 2644 proli-

84 2684 148 2728 cere
169 2683 346 2745 possemus.
399 2663 477 2735 Sed,
509 2664 587 2725 mihi
617 2663 728 2734 crede,
759 2664 840 2724 nihil
870 2667 934 2726 loci
965 2675 1015 2728 est
1043 2675 1172 2730 nostrae
1201 2673 1306 2748 philo-

83 2772 205 2846 sophiae
228 2769 314 2847 apud
338 2783 394 2828 eos
418 2766 474 2844 qui
496 2773 616 2828 tanturn
639 2773 744 2827 amant
766 2766 910 2830 violenta
933 2770 1079 2833 consilia.
1116 2773 1206 2845 Quod
1228 2775 1307 2835 milri

82 2879 153 2932 nanc
180 2871 279 2934 animi
311 2885 384 2931 esse
415 2877 507 2946 putas
537 2867 692 2947 cogitanti
716 2869 757 2931 de
784 2868 1015 2937 srouoataeosi
1031 2884 1213 2947 'conventa
1243 2893 1306 2953 qao

84 2994 134 3036 non
155 2978 257 3037 solum
279 2974 455 3043 foederati,
486 2973 544 3032 sed
567 2973 663 3033 etiam
688 2979 795 3033 vester
817 2975 897 3046 dux,
926 2984 961 3062 ul
983 2979 1096 3050 audio,
1121 2976 1308 3041 et'aliarum

86 3079 238 3140 civitatum
268 3075 452 3158 δημαγωγοὶ
484 3075 609 3136 venturi
639 3070 712 3135 sint.
763 3076 934 3138 Lutherns¹
950 3068 989 3141 ed
1019 3081 1220 3157 proiecturus
1250 3090 1308 3143 est.

83 3179 165 3242 Emnt
186 3179 440 3242 deliberationes
463 3179 505 3238 de
526 3179 678 3238 universa
706 3179 852 3241 doctrina
872 3197 957 3256 qnae
980 3195 1033 3243 res
1055 3183 1172 3261 dignae
1195 3185 1307 3246 existi-

83 3292 200 3356 mentur,
215 3301 296 3361 quas
310 3279 481 3343 defendant
496 3287 529 3341 et
542 3283 720 3347 anteferant
735 3281 883 3358 publicae
898 3285 1129 3361 tranquillitati.
1164 3287 1308 3348 Omnium

84 3387 247 3466 principum
266 3405 304 3448 ac
327 3387 491 3446 doctorum
515 3385 638 3446 animos
663 3385 725 3445 iarn
748 3382 960 3462 introspicere
982 3389 1063 3449 milri
1087 3385 1208 3452 videor.
1253 3390 1308 3450 Vi·

83 3488 148 3551 deor
168 3492 361 3568 praevidere
384 3487 528 3566 ingentia
551 3487 740 3560 certamina,
764 3493 978 3572 φιλονεινείας
998 3495 1053 3556 καὶ
1075 3487 1254 3575 aptabatur,
1275 3493 1312 3556 ai

81 3589 220 3676 ιοὶννατοί
240 3591 305 3657 εἶσι
328 3588 496 3674 δαιμόνων.
532 3591 596 3651 Nec
619 3607 681 3670 ego
705 3593 800 3658 vineo
820 3611 907 3670 quae
929 3587 1032 3670 possit
1047 3594 1130 3657 inter
1146 3595 1203 3658 no's
1221 3597 1310 3658 coire

82 3711 147 3758 vera
168 3699 328 3768 societas,
352 3713 422 3757 cum
444 3696 602 3786 acerbitas
627 3694 772 3756 odiorum
795 3697 897 3758 maior
918 3698 962 3759 sit
977 3698 1061 3760 inter
1077 3709 1202 3762 nostros
1216 3719 1308 3777 quam

83 3782 223 3862 adseritis
246 3786 650 3877 pontificianr‘iactionem.
693 3794 951 3878 Exspectabas'a
973 3803 1024 3864 rire
1045 3803 1212 3866 histoliam
1238 3805 1308 3866 eius

83 3909 253 3966 conventus.
276 3897 542 3964 ”nes-culleos
573 3901 846 3965 eucaaortonos
875 3904 1011 3970 arbitror
1039 3909 1084 3968 ab·
1107 3907 1182 3971 aliis
1212 3907 1309 3969 etlam

83 4003 155 4065 istuc
181 4006 326 4085 portent.
378 4007 444 4068 Nec
474 4015 534 4084 ego·
567 4007 657 4082 ploos
685 4016 767 4069 nunc
801 4010 906 4075 liabeo
935 4017 1029 4086 quatu
1062 4019 1152 4074 cram
1182 4011 1216 4072 in
1244 4011 1310 4071 tuis

85 4107 184 4170 literis.
228 4111 277 4172 De
300 4109 411 4170 Turcis
435 4125 576 4170 rumores
600 4118 633 4171 et
653 4111 735 4170 certi
765 4117 796 4170 et
826 4118 951 4172 atroces
982 4120 1061 4174 sunt.
1107 4113 1175 4174 Non
1200 4117 1310 4191 procul

88 4211 210 4275 ostilio
240 4219 426 4291 grassantur
449 4211 582 4274 Turcica
612 4212 774 4290 praesidia
807 4221 839 4274 et
867 4215 1056 4278 horrendam
1088 4216 1309 4281 crudelitatem

88 4324 230 4378 exercent.
289 4316 422 4394 Aliquot
451 4316 613 4376 hominum
649 4315 751 4378 millia
780 4334 891 4379 recens
923 4334 963 4379 ex
994 4319 1050 4378 illa
1079 4337 1138 4379 ore
1163 4306 1309 4391 abducta,

87 4417 222 4479 nolieres
245 4419 424 4480 trucidatae
448 4435 486 4480 ec
507 4419 666 4480 laceratae
690 4421 871 4482 incredibili
896 4419 1101 4482 immanitate.
1143 4422 1174 4482 ln
1199 4425 1309 4483 Trans-

90 4531 279 4550 ''z—*—

160 4605 187 4674 l)
210 4607 320 4658 Plndar.
343 4605 419 4678 Ppllr.
434 4608 459 4671 3,
472 4605 593 4662 81-83.
614 4609 658 4661 ed.
678 4609 785 4660 Dissen.
