3152 5208
232 345 302 418 568
742 369 941 426 arrarum.

235 523 339 586 blieae
362 525 583 602 tranquillitati
606 527 784 590 consulere.
827 528 894 589 llon
919 527 1004 590 euim
1026 531 1089 590 stat
1110 527 1190 590 mihi
1214 525 1361 589 osiandri
1385 529 1481 605 iuge-

235 627 322 688 nitvm
346 643 475 705 prorsus
498 629 650 708 ignotam.
688 633 871 708 Cogitabam
895 631 1054 694 ecclesiae
1079 631 1181 710 magis
1203 632 1412 710 prolaturum,
1449 629 1482 690 si

235 731 370 792 amicum
408 747 500 809 quam
529 733 656 794 hostem
689 735 876 796 osiandrum
913 737 1055 797 haberet.
1100 735 1211 813 ltaque
1251 740 1382 797 conatus
1406 751 1482 796 sum

234 833 306 894 istis
328 833 457 911 scriptis
479 851 541 896 uon
565 841 629 896 tarn
651 837 788 898 animum
813 837 883 898 eius
905 854 1019 900 sanare
1048 855 1142 914 quam
1165 835 1326 902 ecclesiae
1347 839 1482 900 benaia·
1573 839 1574 926 l

234 951 316 998 cere.
362 937 487 999 interea
509 933 623 1016 scripsi
656 941 696 1002 ad
719 956 800 1011 erim,
835 955 902 1002 cum
926 942 1028 1003 adhuc
1050 942 1146 1004 vitam
1169 947 1291 1018 agerat,
1328 941 1481 1018 privatim
1573 931 1574 1010 ἶ

235 1046 268 1101 et
290 1043 475 1102 cohortatus
495 1058 564 1105 sum
586 1058 669 1115 eum,
692 1046 881 1120 praesertim
909 1054 943 1106 ut
979 1050 1052 1107 ate
1076 1045 1264 1123 flagellando
1286 1043 1481 1115 abstineret,
1573 1025 1574 1092 ἒ

235 1150 321 1205 tanta
344 1142 539 1216 sinceritate,
562 1153 597 1206 ut
622 1147 706 1208 haud
729 1149 864 1209 obscure
889 1149 1119 1228 significarem,
1153 1148 1260 1225 ipsam
1290 1166 1353 1208 non
1377 1163 1485 1222 posse

236 1244 330 1308 simul
353 1261 404 1306 me
427 1247 530 1308 arnico
563 1254 596 1308 et
619 1255 653 1310 le
674 1251 769 1310 hoste
806 1251 861 1312 uti.
907 1249 994 1312 ilaec
1017 1252 1123 1312 cornia
1155 1267 1226 1312 cum
1248 1249 1482 1312 candidissimo

234 1350 340 1411 animo
363 1366 400 1411 oc
423 1351 493 1411 sine
516 1351 610 1412 ullius
634 1351 772 1413 hominis
798 1354 989 1416 contumelia
1011 1355 1181 1416 iecissem:
1219 1368 1295 1414 eece
1318 1352 1398 1423 tibi,
1426 1369 1483 1412 cc-

235 1455 334 1516 oritur
356 1455 491 1529 primum
515 1455 654 1517 omniurn
677 1457 814 1516 Senatus
837 1453 973 1519 Scholae
993 1457 1265 1535 lleglomomanae
1287 1455 1318 1516 in
1335 1471 1388 1516 me
1411 1464 1483 1516 tan-

237 1573 328 1634 quam
361 1557 532 1619 universae
554 1559 687 1632 pietatis
711 1560 917 1620 desertorem.
960 1560 1087 1624 Deinde
1120 1560 1339 1620 convehuntur
1370 1560 1405 1620 in
1426 1574 1482 1618 me
1574 1597 1575 1618 ι

236 1663 276 1722 ab
299 1661 385 1734 aliis,
407 1660 519 1723 amicis
543 1669 576 1722 et
599 1661 751 1734 inimicis,
774 1665 868 1725 claris
892 1670 925 1725 et
947 1664 1106 1734 obscuris,
1127 1664 1272 1742 ingentia
1293 1661 1480 1724 virulentis·

236 1764 387 1825 simorum
413 1765 623 1829 convitiorum
645 1768 804 1843 plaustra3
829 1784 888 1828 nee
905 1767 995 1830 aliter
1018 1767 1122 1829 adhuc
1144 1773 1273 1846 tractor,
1294 1764 1422 1845 quam1)
1451 1764 1484 1826 si

238 1883 342 1930 essem
367 1866 464 1930 totius
487 1871 577 1948 regni
603 1871 722 1932 christi
745 1871 899 1948 proditor,
922 1878 957 1932 ut
979 1871 1131 1933 maiorem
1154 1870 1382 1932 humanitatem
1405 1885 1482 1944 spe·
1574 1847 1575 1930 i

236 1987 369 2042 rassenr,
393 1972 421 2034 si
444 1971 643 2049 inexpiabile
665 1973 785 2050 aliquid
808 1974 914 2038 scelus
936 1973 1165 2052 designassem.
1200 1973 1308 2050 Talem
1330 1987 1387 2048 pro
1403 1987 1481 2031 meo

237 2073 346 2136 officio
369 2074 548 2135 mercedem
571 2081 708 2151 reporto.
754 2075 837 2148 Quid
870 2077 968 2155 igitur
991 2073 1149 2138 lacerem?
1193 2075 1369 2138 Scriberem
1391 2077 1481 2153 Apo·

240 2175 385 2255 logiam?
430 2176 493 2239 Sed
517 2177 660 2241 videbam
684 2183 807 2245 animos
829 2182 966 2260 partium
995 2179 1040 2242 ita
1062 2178 1283 2249 inflammatos,
1316 2182 1351 2240 ut
1371 2179 1482 2240 neutri
1574 2203 1575 2256 ς

237 2281 322 2356 parti
343 2280 531 2345 satisfacere
554 2283 744 2358 potuissem,
768 2283 831 2344 nisi
860 2286 888 2345 si
911 2285 1040 2345 alteram
1065 2283 1150 2344 omni
1173 2300 1302 2361 prorsus
1325 2284 1419 2357 culpa
1441 2283 1482 2343 li-

235 2385 392 2457 berarem,
426 2388 558 2450 alteram
582 2389 730 2450 omnibus
751 2387 830 2450 diris
854 2389 1064 2458 devoverem,
1099 2387 1184 2463 quod
1206 2394 1240 2448 ut
1266 2386 1379 2448 faciam
1401 2404 1481 2446 non-

236 2489 310 2552 dum
334 2489 413 2551 mihi
452 2506 636 2568 persuasum
663 2497 721 2551 est.
766 2491 916 2554 Detestor
939 2489 1021 2552 sicut
1058 2507 1098 2551 ex
1119 2508 1182 2552 una
1203 2495 1294 2568 parte
1317 2487 1481 2550 licentiam

239 2589 333 2655 novis
355 2593 466 2671 figuris
489 2591 637 2664 ludendi,
661 2593 705 2655 ita
743 2610 784 2654 ex
806 2596 905 2659 altera
927 2592 1120 2670 tyrannidem
1144 2599 1177 2654 et
1200 2591 1366 2654 damnandi
1387 2609 1480 2671 prae·

240 2696 448 2774 cipitantiam.
492 2695 576 2757 Aliis
599 2698 737 2758 moribus
761 2702 793 2757 et
815 2700 930 2760 crescit
953 2705 986 2760 et
1011 2702 1207 2776 propagatur
1231 2696 1384 2758 Ecclesia.
1413 2695 1478 2756 De·

236 2799 417 2862 tensionem
438 2799 582 2862 Osiandri
605 2818 761 2876 nunqnam
785 2802 915 2878 suscepi
947 2817 1007 2862 nec
1030 2817 1166 2879 unquam
1188 2799 1371 2875 suscipiam.
1415 2797 1478 2860 Ex·

237 2899 348 2962 cusavi
371 2901 537 2978 quaedam.
576 2903 670 2975 ¹Quod
694 2903 722 2963 si
756 2903 848 2964 initio
872 2902 929 2964 alii
950 2904 1104 2964 fecissent
1127 2901 1223 2974 idem,
1257 2902 1403 2963 fortassis
1424 2917 1480 2963 res

237 3021 301 3066 uon
323 3004 456 3068 abiisset
478 3006 510 3069 in
534 3011 597 3068 tam
619 3007 809 3069 virulentam
832 3023 976 3084 pugnam.
1022 3006 1133 3068 Sentio
1169 3006 1240 3084 ipse
1264 3019 1391 3081 quoque
1413 3022 1479 3064 non

237 3106 431 3168 mediocrem
447 3107 684 3170 confessionem
707 3125 793 3181 esse,
817 3109 986 3171 sitantum
1010 3108 1142 3180 dicatur,
1165 3106 1313 3170 homines
1335 3107 1406 3167 fieri
1429 3107 1478 3166 iu-

237 3216 305 3272 stos
329 3209 560 3272 inhabitatione
583 3210 772 3285 nathanili
795 3217 827 3271 et
850 3210 981 3288 spiritus
1005 3212 1105 3274 sancti
1143 3216 1202 3271 etc.
1248 3211 1311 3272 Scd
1334 3227 1395 3274 non
1419 3209 1478 3272 du-

238 3313 315 3386 bito,
338 3312 413 3390 quin
436 3321 471 3374 tu
499 3315 571 3391 ipse
593 3313 726 3386 iudiceS,
757 3315 836 3377 talia
858 3315 943 3376 dicta
963 3314 1067 3394 magis
1090 3331 1165 3376 esse
1190 3313 1352 3392 paradoxa
1383 3331 1479 3392 quam

237 3417 409 3481 manifeste
442 3417 551 3496 impia.
594 3418 728 3481 Possunt
762 3418 848 3480 euim
880 3419 1045 3481 commode
1067 3425 1100 3480 et
1122 3418 1333 3488 incommode,
1369 3419 1421 3492 ple
1445 3424 1478 3477 et

238 3519 339 3598 impie
363 3521 492 3599 exponi,
515 3530 609 3600 prout
632 3525 710 3605 περὶ
735 3524 794 3586 τοῦ
813 3513 961 3605 ’λὲγοντος
982 3521 1111 3586 affectus
1134 3523 1243 3586 fueris.
1289 3523 1353 3583 Nec
1375 3525 1410 3582 tu
1444 3521 1478 3582 id

238 3640 430 3719 dissimulas,
455 3659 523 3704 cum
546 3641 673 3714 scribis,
703 3642 889 3705 Osiandrum
912 3658 988 3705 sese
1009 3659 1073 3706 non
1096 3641 1270 3705 evolvisse.
1313 3641 1402 3714 Quod
1436 3639 1478 3702 ad

237 3761 289 3807 me
311 3747 437 3818 attinet,
460 3746 681 3808 ardentissime
705 3746 833 3824 quidem
857 3763 1023 3824 cuperem,
1063 3747 1103 3808 de
1126 3745 1178 3808 his
1207 3751 1239 3806 et
1261 3746 1335 3807 aliis
1371 3749 1476 3804 tecum

238 3864 344 3911 coram
368 3849 515 3927 colloqui,
546 3850 603 3910 sed
627 3851 785 3927 quiahoc
814 3851 846 3910 in
870 3847 1054 3928 praesentia
1076 3868 1139 3912 non
1162 3847 1269 3918 datur,
1302 3861 1421 3925 quaeso
1444 3850 1478 3908 te

237 3968 295 4028 per
316 3953 417 4015 lilium
438 3954 516 4025 Dei,
538 3958 574 4014 ut
595 3969 646 4014 me
668 3963 701 4015 et
724 3958 864 4015 veterem
886 3958 974 4014 tuum
996 3953 1130 4015 amicum
1162 3968 1319 4030 agnoscas
1352 3956 1385 4010 et
1418 3947 1477 4012 tibi

238 4071 275 4116 ac
295 4056 465 4119 universae
488 4055 646 4120 eeclesiae
660 4055 728 4119 ‘filii
750 4055 804 4119 dei
837 4057 877 4120 de
900 4073 950 4118 me
972 4058 1034 4118 hoc
1056 4055 1253 4132 pollicearis,
1288 4052 1374 4132 quod
1406 4054 1476 4114 toto

238 4166 368 4236 pectore
392 4166 531 4223 nostram
553 4163 768 4239 augustanam
791 4158 1032 4222 contessionem
1054 4160 1227 4236 amplectar
1262 4162 1295 4220 et
1332 4173 1401 4219 eam
1423 4155 1479 4216 do·

239 4264 381 4336 utrinam,
404 4279 495 4340 quam
517 4269 628 4328 autore
650 4263 766 4341 spiritu
788 4268 896 4326 sancto
920 4278 961 4326 ex
983 4262 1012 4322 d.
1035 4264 1214 4325 Luthero
1254 4265 1287 4322 et
1314 4263 1359 4341 te,
1387 4275 1479 4337 prae·

240 4365 422 4442 captoribus
445 4365 525 4430 mihi
547 4373 703 4445 perpetuo
727 4366 933 4430 observandis
955 4365 1066 4437 hausi,
1098 4379 1227 4443 semper
1248 4363 1392 4442 propitio
1416 4363 1479 4424 dec

327 4634 358 4706 1)
377 4635 470 4705 qnam]
489 4638 507 4689 l.
526 4636 544 4690 l.
565 4644 622 4705 tgp.
641 4652 731 4690 errore
750 4638 869 4708 legitor:
889 4655 968 4705 quem
