3072 5208
481 351 726 406 coaetaneum
745 353 829 406 nunt
850 356 924 408 rosc
1256 337 1322 407 m

101 508 175 570 nullo
198 524 278 582 opus
303 515 351 569 est
374 510 556 577 hortatore,
581 523 650 568 cum
674 509 814 573 omnium
834 509 935 572 animi
952 510 991 570 ad
1008 525 1120 587 pacem
1135 518 1167 572 et
1176 518 1325 573 sanctam

101 609 286 672 concordiam
317 612 479 687 proclives
511 611 592 680 sint,
631 619 728 686 teque
759 613 790 670 irr
824 611 953 688 primis,
987 612 1135 689 Philippa
1166 614 1323 691 piissime,

100 710 200 771 deinde
222 711 305 774 alios
330 729 440 774 omnes
469 713 516 774 tui
547 713 688 783 similes,
723 713 815 790 pios,
846 713 958 776 doctos
983 721 1015 774 et
1038 714 1218 785 modestos,
1250 716 1322 777 dili-

99 820 163 891 gant
185 817 360 878 exanimo.
394 817 521 878 Efficlet
544 823 648 876 autem
672 818 753 876 haec
775 818 973 887 modoratio,
999 825 1030 877 et
1054 819 1229 878 animorum
1251 837 1322 880 con-

100 917 205 978 iunctio
228 920 312 979 inter·
335 937 393 980 nos
416 925 542 988 mutue,
571 926 607 979 nt
629 920 657 978 si
682 935 764 996 quae
789 921 940 980 videntur
972 921 1001 981 in
1026 921 1182 982 Ecclesiis
1207 921 1324 982 nostris

99 1019 187 1081 adbuc
211 1021 316 1084 doceri
343 1031 375 1084 et
398 1021 468 1102 geri
492 1023 613 1100 dispari
639 1019 763 1084 ratione
788 1041 805 1084 a
831 1023 962 1094 vestris,
993 1021 1172 1085 cuiusmodi
1199 1032 1247 1085 est
1270 1025 1325 1085 Sa·

99 1139 161 1183 crae
188 1125 332 1207 Coenee,
360 1123 583 1186 Confessiorris
613 1133 646 1188 et
675 1125 824 1204 privatae
846 1126 1078 1196 absolutionis,
1111 1126 1251 1202 denique
1281 1127 1323 1188 si-

98 1227 316 1294 mulachrorum
339 1228 521 1306 negotium,
544 1228 722 1293 dilectione
746 1237 777 1291 et
800 1229 907 1291 studio
927 1228 1087 1306 gliscente
1103 1236 1223 1300 mutuo,
1247 1237 1323 1290 tern-

97 1345 166 1403 pore
185 1332 261 1392 item
284 1340 316 1392 et
339 1332 525 1410 cognitione
549 1347 659 1392 verum
683 1332 866 1399 exactiore,
891 1340 955 1392 turn
980 1340 1011 1392 et
1036 1331 1239 1409 experientia
1260 1350 1324 1394 ma-

98 1431 201 1508 gistra,
230 1432 468 1503 intercedente,
500 1433 627 1511 singula
651 1441 683 1493 et
706 1434 827 1494 rectius
857 1436 895 1494 ab
920 1433 1067 1510 utrisque
1090 1431 1322 1512 intelligantur,

99 1541 125 1595 et
142 1535 178 1595 de
191 1533 232 1596 iis
247 1535 423 1607 iudicetur,
447 1535 603 1613 sepositis
627 1535 812 1606 affectibus,
837 1536 957 1614 purius.
996 1535 1093 1598 Recte
1110 1535 1195 1599 enim
1215 1552 1324 1598 mones

99 1654 132 1699 ex
151 1637 286 1708 besilio,
318 1658 378 1700 non
402 1646 466 1701 tam
489 1639 640 1701 sinistrae
664 1657 745 1716 oprrs
770 1655 843 1699 esse
872 1641 1001 1709 dextra,
1034 1656 1128 1717 quam
1157 1638 1323 1700 Ecclesiae

98 1741 255 1804 concordia
276 1741 468 1804 docentium.
502 1743 585 1820 Ergo
609 1741 693 1817 quod
717 1741 877 1819 promittis
894 1751 926 1802 te
944 1750 1139 1812 curaturum,
1164 1759 1205 1802 ne
1219 1741 1323 1819 magis

98 1843 265 1907 dilabantur
288 1862 327 1907 ac
348 1846 542 1906 divellantur
565 1852 693 1907 nostrae
708 1845 890 1916 Ecclesiae,
914 1846 970 1905 sed
995 1852 1028 1906 nt
1052 1845 1155 1922 magis
1171 1843 1324 1905 constriu-

98 1953 214 2023 gantur,
242 1949 304 2008 hoc
329 1948 433 2026 ipsum
458 1949 552 2008 etde
576 1947 753 2010 nobistibi
782 1947 911 2024 tuisque
942 1947 1162 2026 polliceberis.
1200 1947 1323 2008 Astrin-

98 2065 196 2126 gemus
221 2053 305 2112 enim
329 2060 360 2111 et
383 2071 441 2112 uos
461 2059 601 2113 nostram
624 2051 884 2114 coniunctionem
908 2070 968 2112 non
993 2049 1231 2127 dissipabimus.
1272 2053 1324 2110 At-

99 2168 152 2226 que
173 2155 253 2216 haec
276 2161 326 2214 est
349 2169 420 2214 mea
443 2161 475 2213 et
498 2154 692 2228 reliquarum
715 2153 962 2231 Syrmnystarnm
994 2153 1156 2220 voluntas,
1192 2151 1233 2212 de
1264 2169 1325 2228 qua

102 2255 223 2318 rescribi
244 2275 263 2318 a
288 2271 337 2316 me
361 2257 502 2319 volebas.
562 2253 647 2318 llaec
677 2265 783 2318 autem
815 2256 956 2335 simplici
988 2264 1018 2316 et
1048 2271 1182 2331 syncero
1220 2254 1324 2316 animo

102 2373 195 2422 coram
215 2360 352 2422 Domino
383 2361 497 2420 scribo.
550 2359 643 2420 Plura
671 2360 711 2421 de
741 2359 834 2420 uobis
866 2359 984 2420 referet
1014 2358 1180 2436 piissimus
1211 2365 1241 2416 et
1271 2357 1324 2417 do-

101 2463 249 2526 ctissimus
280 2464 408 2525 iuvenis
441 2464 477 2525 D.
502 2461 693 2542 losephds¹)
723 2461 921 2534 Parmouius,
943 2463 1121 2522 convictor
1154 2460 1211 2520 ille
1242 2467 1325 2529 tuus,

100 2579 180 2638 quem
203 2573 238 2626 tu
261 2565 384 2642 scripto
409 2565 536 2642 publico
561 2564 705 2627 omnibus
729 2563 821 2627 bonis
846 2572 876 2624 et
903 2564 1059 2626 studiosis
1084 2560 1324 2625 commendasti.

100 2667 151 2728 Oro
178 2676 300 2739 autem,
333 2675 368 2728 ut
399 2669 439 2729 ad
470 2669 671 2729 autumnales
701 2667 857 2729 nundinas
888 2669 1046 2735 recribas,
1084 2672 1115 2725 et
1145 2667 1226 2724 baec
1255 2680 1326 2724 mea

100 2769 165 2830 boni
186 2773 344 2832 consulas.

171 2873 312 2936 Salutem
341 2883 429 2954 optat
459 2874 519 2934 tibi
547 2875 584 2935 D.
610 2873 733 2951 Gaspar
761 2873 951 2949 Megaridem
981 2874 1037 2947 qui
1066 2880 1172 2934 tecum
1203 2873 1261 2932 sub
1288 2871 1325 2931 D.

101 2973 228 3056 Georgia
252 2978 389 3040 Simlero
414 2979 527 3040 beatae
551 2975 744 3046 memoriae,
769 2977 862 3038 docto
888 2983 918 3034 et
941 2984 1051 3038 sancto
1077 2976 1157 3045 viro,
1186 2973 1326 3036 Plrorcae

100 3077 184 3141 bonas
207 3079 320 3142 literas
343 3081 457 3158 primis
481 3079 513 3141 in
537 3079 629 3141 annis
653 3078 794 3141 imbibit:
820 3093 858 3139 eo
880 3085 1043 3153 tempore,
1068 3077 1188 3153 inquit,
1213 3093 1276 3152 quo
1292 3084 1326 3136 tu

101 3190 162 3254 post
183 3185 280 3260 poulo
304 3183 477 3262 lubinganr
499 3171 667 3261 migratos.
713 3181 863 3244 'salutant
893 3190 925 3240 te
958 3189 989 3240 et
1019 3179 1139 3256 reliqui
1160 3177 1326 3241 Ecclesiae

101 3281 259 3361 ligurinae
283 3285 422 3348 Ministri
445 3305 482 3347 ac
505 3285 750 3348 concionatores
782 3285 817 3348 D.
842 3283 1028 3359 Rodotpbus
1052 3283 1259 3350 Gualtherus,
1288 3281 1327 3343 D.

101 3382 233 3450 Erasmus
256 3389 431 3458 Pabritius,
461 3389 662 3451 Professores
695 3387 771 3447 item
797 3403 956 3447 sacrarum
988 3383 1150 3446 literarum
1171 3384 1207 3445 D.
1231 3381 1325 3444 Pelli-

102 3501 185 3552 carus
215 3497 246 3552 et
275 3493 313 3553 D.
337 3491 524 3553 Theodorus
553 3489 752 3558 Bibliandcr,
784 3489 840 3548 sed
873 3496 904 3548 et
936 3485 1053 3562 reliqui
1083 3485 1260 3563 linguarum
1295 3490 1326 3543 et

102 3588 236 3654 bonarum
261 3593 424 3656 literarum
447 3595 648 3671 professores
672 3593 777 3654 omnia
799 3593 902 3652 fausta
924 3589 984 3652 tibi
1004 3594 1171 3668 precantur
1188 3589 1223 3648 D.
1242 3585 1325 3650 loan.

103 3691 222 3758 lacobus
245 3696 415 3768 Arrianus,
440 3697 624 3774 Rodolplrus
650 3695 811 3764 Collinas,
834 3695 870 3756 D.
895 3695 932 3754 D.
957 3693 1117 3754 Coruadus
1135 3689 1325 3760 Gessuerus,

105 3796 256 3875 inprimis
280 3815 356 3860 vero
380 3799 544 3862 Ecclesiae
570 3807 696 3862 nostrae
721 3798 905 3859 Cateclrista
924 3797 961 3858 D.
979 3796 1051 3856 Otto
1069 3793 1325 3869 Werdmyllerus·

104 3898 247 3963 salutabis
270 3910 304 3964 tu
329 3911 436 3964 nostro
467 3901 594 3963 nomine
618 3901 787 3963 Praesides
820 3898 1035 3961 Ecclesiarum
1067 3903 1099 3956 et
1123 3895 1325 3956 Professores

105 4002 238 4066 bonarum
269 4006 401 4075 artium,
438 4007 557 4067 amicos
588 4011 731 4074 nostros,
763 4001 1012 4065 officiosissime.
1052 3999 1206 4061 Dominus
1237 3998 1325 4056 lesus

106 4113 198 4166 servet
217 4116 248 4168 te
270 4111 301 4169 in
326 4107 461 4186 gloriam
486 4109 622 4170 nominis
643 4111 711 4176 sui’,
736 4116 767 4168 et
784 4105 949 4169 Ecclesiae
970 4119 1047 4164 suae
1063 4099 1325 4167 incolumitatem,

107 4208 332 4282 colendissimo,
357 4211 506 4288 idemque
530 4211 609 4272 milri
633 4210 798 4273 carissime
822 4208 1055 4269 Melancbthorr.

179 4312 283 4392 ligari
306 4315 390 4375 xxlt
412 4315 496 4376 lunii
522 4317 611 4376 tert.

455 4417 654 4492 Helm-polrus
677 4414 898 4490 Duilingerus,
922 4418 994 4472 tuus
1018 4427 1058 4471 ex
1081 4409 1195 4472 animo.

664 4539 688 4543 -..
697 4535 809 4544 .—...--

113 4579 173 4592 ’ὴ-ι

174 4587 288 4598 *mu—⁴...-

186 4637 207 4701 l)
230 4640 373 4690 Macarius.
