3072 5208
233 311 302 390 218
626 337 871 392 surnusuuura
897 338 978 391 nunt
1001 343 1073 394 rara.

318 493 400 566 Quid
428 494 515 557 aliud
542 511 625 556 nnnc
655 507 783 570 quoque
811 493 1022 556 iudicaturum
1052 509 1127 554 esse
1155 511 1342 572 speremus,
1374 511 1455 570 quan

231 603 266 657 ut
294 599 375 658 lianc
404 597 624 659 crudelitatem
655 598 837 667 confirmet,
870 608 963 672 quern
995 596 1210 658 necessariam
1241 611 1315 658 esse
1346 597 1456 658 iudicat

230 700 271 761 ad
293 701 492 762 retinendam
515 701 691 778 potentiam
716 707 748 759 et
771 697 844 760 etos
859 711 984 760 nervos.
1020 701 1163 776 Suntque
1180 701 1349 776 potentiss
1364 701 1455 777 ipsius
1523 689 1524 692 '

230 803 321 864 nervi
345 802 431 866 idola
453 809 486 863 et
508 805 610 865 falsae
634 801 822 879 opiniones,
846 819 926 876 quas
951 808 1101 862 taxamus.
1152 801 1277 864 Scimus
1300 805 1383 864 banc
1404 809 1455 864 tarn

230 904 354 967 tristem
382 906 685 984 repiteltensionem
718 902 825 964 inultis
860 905 984 981 magnis
1015 905 1093 965 viris
1128 905 1274 982 politicis
1312 906 1455 984 ingratam

231 1020 322 1079 esso,
346 1015 378 1069 et
398 1016 456 1071 nos
475 1019 537 1072 uon
554 1009 624 1070 sine
639 1021 751 1086 magno
767 1008 880 1068 dolore
895 1009 954 1068 bos
970 1008 1134 1069 Ecclesiae
1146 1007 1171 1090 ¹)
1188 1011 1316 1072 morbos
1332 1025 1456 1070 comme-

228 1123 396 1175 moramus.
442 1111 505 1173 Sed
527 1113 623 1173 nimis
635 1109 658 1190 ¹)
693 1115 769 1172 vera
798 1116 849 1172 est
860 1108 885 1188 ⁸)
914 1112 996 1170 baec
1025 1113 1299 1184 commemoratio,
1331 1120 1364 1173 et
1386 1130 1456 1172 nnnc

230 1215 357 1290 quidem
379 1215 580 1284 necessaria,
605 1216 680 1289 quia
703 1212 830 1289 aliquos
855 1227 930 1272 esse
953 1213 994 1273 de
1014 1214 1082 1274 Deo
1107 1220 1209 1276 testes
1219 1211 1245 1287 ⁴)
1268 1220 1405 1292 oportet.
1523 1271 1524 1274 ,

314 1316 437 1377 Deinde
462 1315 566 1393 qttelis
591 1317 654 1376 erit
677 1314 791 1376 iudicii
814 1311 938 1376 bima?
973 1315 1070 1376 lnllie
1084 1317 1147 1376 iem
1163 1317 1314 1378 vidimus:
1337 1318 1456 1379 habitae

228 1425 300 1478 suut
324 1419 506 1488 orationes,
530 1419 561 1478 in
582 1418 697 1494 quibus
713 1416 1020 1492 amphictyoncsu,
1042 1418 1185 1492 quisunt
1200 1417 1354 1487 Tridenti,
1377 1418 1455 1478 lacti-

228 1527 295 1582 tunt
317 1521 488 1582 llomanurll
503 1517 691 1580 Pontificem
713 1511 746 1580 a
769 1520 802 1580 ei
825 1518 970 1580 addictos
995 1519 1092 1579 nullis
1116 1520 1280 1581 doctrinae
1305 1521 1455 1581 erroribus

228 1624 458 1685 contaminatos
489 1628 580 1692 esse,
611 1629 643 1682 et
667 1628 840 1697 queruntur
869 1625 908 1684 ab
937 1621 1013 1682 aliis
1043 1639 1171 1698 sparsas
1201 1639 1276 1685 esse
1300 1625 1454 1690 haereses,

227 1739 286 1786 nec
309 1726 443 1786 dublum
461 1721 510 1785 est
534 1741 590 1785 eos
617 1724 650 1784 id
673 1726 791 1786 crimen
816 1725 849 1784 in
872 1741 931 1784 nos
953 1725 1107 1785 conferre.
1164 1725 1258 1789 Tales
1281 1725 1359 1801 quiid
1381 1723 1453 1786 iudi-

228 1829 329 1889 caturi
360 1828 439 1898 sint,
471 1826 533 1888 itm
563 1827 744 1887 ostendunt.
803 1827 842 1887 let
871 1826 1025 1887 accedunt
1060 1826 1118 1888 alii
1147 1823 1273 1904 multi⁰)
1300 1827 1454 1904 Episcopi,

227 1932 342 2006 quibus
366 1929 445 1990 solis
468 1929 652 2007 suffragatio
684 1929 887 1999 conceditur,
918 1929 1021 2006 ignari
1050 1930 1214 1992 doctrinae
1244 1929 1287 1989 de
1314 1931 1399 1998 Deo,
1427 1936 1455 1988 et

227 2035 399 2110 opiniones
422 2034 462 2092 de
484 2023 630 2094 Ecclesia
661 2034 849 2110 peregrinas
873 2038 907 2092 et
929 2031 1080 2093 ethnicas
1100 2033 1376 2102 circumferentes,
1407 2033 1454 2090 de·
1523 2087 1524 2094 ,

227 2137 287 2196 diti
310 2138 543 2214 vuluptatibus,
575 2143 609 2195 et
631 2137 781 2196 cruentos
811 2136 886 2196 odio
915 2134 1044 2204 nestri,
1069 2135 1146 2211 quia
1175 2136 1297 2210 aliquid
1328 2133 1455 2194 diminui
1523 2205 1524 2226 ἢ

226 2241 266 2300 de
295 2239 451 2317 dignitate
480 2247 539 2300 sua
568 2240 689 2300 nostris
715 2237 907 2300 clamoribus
938 2239 1139 2300 arbitrentur.
1193 2239 1232 2298 lli
1261 2240 1379 2300 babent
1405 2237 1454 2298 ud-

226 2344 353 2403 lunctos
377 2343 549 2403 bonothus
572 2343 735 2413 inductos,
760 2343 876 2418 partim
901 2340 1076 2403 lasciuatos
1100 2342 1200 2402 stulta
1218 2339 1452 2417 superstitione,

226 2432 341 2522 partun
365 2446 503 2523 egnitaut
527 2443 695 2506 nerbatem
719 2461 779 2504 ceu
801 2446 895 2507 luciis
917 2446 1033 2523 egitati
1055 2447 1167 2506 dolere
1188 2453 1351 2506 conantes.
1523 2427 1524 2438 ἶ

310 2549 397 2610 ilaec
419 2555 487 2610 tuta
511 2545 602 2608 turba
625 2548 781 2618 iudicum,
814 2549 880 2609 etsi·
908 2563 965 2624 per
994 2565 1068 2609 sese
1098 2547 1248 2608 abhorret
1270 2565 1290 2610 a
1315 2545 1451 2612 veritate,

226 2657 331 2710 lernen
355 2649 459 2711 sicubi
470 2649 494 2722 ⁷)
526 2651 557 2708 in
582 2649 676 2708 rebus
700 2648 879 2710 manifestis
893 2649 973 2722 ,luce
997 2649 1145 2710 veritatis
1169 2650 1316 2711 convicta
1340 2653 1450 2708 mutare
1523 2645 1524 2688 ἲ

225 2751 348 2828 aliquid
360 2752 383 2828 ⁸)
407 2754 438 2812 in
463 2752 639 2828 pontificiis
664 2751 836 2813 sententiis
860 2752 981 2822 vellet,
1001 2771 1064 2814 uua
1087 2753 1229 2814 auderet.
1275 2753 1355 2812 Tele
1376 2749 1450 2810 enirn

224 2853 319 2915 unius
350 2853 514 2915 arbitrium
545 2853 692 2914 intuetur.
745 2854 778 2914 lu
807 2854 870 2915 non
900 2870 974 2915 esse
1004 2854 1158 2916 iudiciuin
1186 2855 1368 2922 Ecclesiae,
1402 2865 1452 2909 uec

226 2959 455 3019 sententiarum
478 2959 702 3029 collationem,
734 2975 784 3018 res
814 2958 886 3036 ipsa
916 2960 1064 3035 loquitur.
1111 2958 1179 3020 Etsi
1203 2958 1287 3020 enim
1312 2965 1343 3018 et
1366 2953 1450 3033 pauci

225 3061 326 3137 aliqui
349 3062 515 3122 Nicodemi
539 3062 662 3124 similes
685 3064 835 3132 aderunt,
859 3064 1021 3124 bitumen
1046 3063 1102 3124 vix
1122 3063 1244 3139 gemitu
1267 3056 1450 3122 sententian

225 3182 314 3226 suam
337 3163 520 3242 significare
541 3165 710 3226 audebunt.
745 3167 788 3226 tlt
809 3173 845 3226 ut
868 3165 1004 3226 maxime
1027 3166 1149 3240 aliquid
1173 3171 1260 3226 recte
1283 3165 1450 3226 mouerent,

223 3267 326 3328 maior
348 3285 422 3345 pars
445 3269 598 3328 vinceret.
1101 3337 1105 3343 ,

307 3369 392 3432 Haec
415 3389 484 3432 cum
508 3371 572 3432 sint
595 3372 784 3441 manifesta,
812 3372 931 3432 iniuste
959 3372 1152 3441 laceremus,
1184 3369 1324 3436 stellius
1355 3363 1450 3428 multi-

163 3477 169 3488 ·
224 3470 364 3543 tudinis,
388 3491 481 3548 quam
505 3473 635 3535 veritati
658 3473 820 3534 inimicam
842 3488 916 3534 esse
940 3473 1081 3544 scimus,¹
1110 3474 1277 3537 cadmiam
1296 3471 1450 3533 confirme-

224 3579 343 3636 rernus:
372 3578 459 3650 ¹spond
480 3579 591 3646 fimet,
621 3579 649 3637 si
680 3576 775 3639 istam
798 3577 959 3654 Synodum
990 3579 1129 3640 iudicem
1157 3579 1344 3640 laceremus.
1395 3573 1450 3632 Neu

223 3674 354 3737 dubitun
375 3685 442 3747 est,
473 3679 574 3739 nihilo
604 3699 662 3740 nos
692 3681 847 3741 iustiores
869 3685 926 3740 eut
948 3681 1119 3742 liberiores
1145 3680 1268 3754 iudices
1292 3677 1448 3738 babituros

210 3794 313 3850 ¹esse,
338 3798 430 3856 quarn
453 3782 563 3844 lubuit
587 3785 801 3868 Theramenes
825 3784 957 3844 critiam
981 3791 1015 3844 et
1038 3790 1186 3844 caeteros
1207 3783 1358 3857 collegas.

233 3911 407 3928 Metita

311 4015 336 4081 1)
361 4016 513 4083 Ecclesiae]
535 4020 607 4086 apud
627 4019 760 4072 Seckend.
781 4017 868 4072 deebi.

306 4102 336 4164 2)
361 4103 453 4169 nimie]
475 4106 513 4156 sic
534 4105 604 4172 Opp.
626 4105 688 4156 utet.
709 4113 735 4156 et
754 4106 902 4168 Saouenda
923 4109 949 4160 in
969 4107 1075 4174 Sylloge
1096 4107 1143 4162 itta
1159 4109 1276 4173 legitur:
1297 4105 1391 4158 nimius

309 4189 338 4252 ll)
363 4188 417 4254 est]
438 4191 570 4242 Seckend.
590 4197 649 4258 ipp.
666 4206 773 4244 errore:
793 4201 822 4246 el
877 4241 880 4244 .
982 4231 985 4242 .
1059 4243 1063 4250 .
1099 4223 1101 4230 ⁴

306 4276 336 4332 4)
361 4276 393 4324 de
412 4274 468 4326 Dec
487 4277 586 4343 testes]
608 4277 758 4329 sectant:
782 4286 869 4331 testes
889 4282 922 4333 tle
941 4281 996 4333 Deo
1092 4327 1095 4333 ,

306 4358 335 4422 5)
360 4362 600 4430 Amphictyones,]
621 4363 770 4417 Seorsum:
788 4367 829 4418 illi
850 4369 1085 4434 tltrtpbictpones,⁴

306 4445 336 4508 u)
362 4447 409 4496 otti
428 4448 517 4516 mulli]
538 4447 686 4502 Seclreud.:
706 4453 784 4503 inulti
804 4453 850 4504 alll
968 4476 971 4486 ¹

310 4530 339 4596 7)
364 4532 463 4597 sicubi]
485 4535 557 4600 apud
577 4535 709 4588 Seclrend.
730 4538 817 4590 deest.

308 4617 337 4680 8)
363 4626 466 4668 mutare
486 4619 598 4684 aliquid]
619 4621 766 4675 Sericum:
786 4626 894 4676 etiamsi
914 4628 978 4690 quld
998 4635 1102 4679 mulera
