3064 5206
478 355 724 409 smunauuura
743 356 825 410 auur
847 359 922 412 raso.
1253 341 1320 413 309

92 515 230 571 constare
254 513 416 572 honorem.
451 511 550 574 Dabis
574 529 649 589 ergo
676 513 799 574 veniam
825 513 875 571 vet
900 515 1049 584 fiduciae,
1075 519 1126 575 vel
1143 516 1319 577 temeritati

90 625 194 683 meae,
225 615 330 674 omnia
359 614 504 684 audiam,
534 613 639 676 omniu
670 615 774 693 patiar
804 617 859 676 ubs
889 624 937 686 te,
976 619 1068 678 modo
1103 636 1142 679 ue
1175 619 1319 679 vicissim

89 715 203 777 audias.

165 819 212 879 De
234 822 330 880 rebus
353 818 543 881 Germaniae
572 838 634 880 uou
665 820 800 882 scribam
825 822 1011 896 quiequam,
1041 821 1105 881 uisi
1136 821 1221 896 quod
1250 829 1320 882 toto
1392 889 1395 893 ,

87 921 245 997 parturiat.
297 921 425 984 Utinam
456 938 529 983 eum
559 921 698 984 enitatur
724 922 842 992 filium,
873 931 1005 1000 propter
1035 939 1128 998 quem
1153 931 1186 983 et
1209 923 1317 999 angeli

87 1024 238 1100 gaudent,
269 1025 354 1100 quod
383 1032 476 1086 natus
505 1023 548 1084 sit
577 1023 610 1086 in
643 1025 767 1086 mundo.
819 1023 951 1086 hiemini
982 1042 1043 1104 ego
1076 1025 1203 1086 dolores
1235 1029 1319 1094 tuos,

85 1127 233 1198 Domine,
263 1126 395 1188 memini
417 1129 572 1206 gemitus,
601 1127 733 1190 memini
756 1125 963 1198 collationes,
995 1128 1050 1188 sed
1076 1145 1167 1204 quom
1192 1135 1241 1188 est
1263 1129 1318 1187 mi-

85 1246 188 1290 semm
217 1247 270 1291 res
299 1247 380 1291 nunc
409 1231 454 1291 ita
477 1233 613 1302 hahere,
643 1239 677 1292 ut
706 1231 838 1292 minima
869 1248 977 1292 eorum
1009 1248 1098 1307 pars,
1134 1247 1215 1306 quae
1245 1229 1320 1290 hinc

85 1333 219 1410 gemitus
243 1335 335 1394 nobis
360 1333 557 1404 excutiebat,
590 1336 639 1394 vel
670 1342 795 1395 curetur
824 1336 874 1394 vel
906 1337 1108 1411 transigatur.
1155 1331 1233 1404 Quis
1256 1351 1318 1394 nou

85 1436 189 1496 doleat
211 1443 259 1496 tot
280 1432 363 1496 nuuc
386 1435 558 1497 inundasse
581 1439 680 1506 mala,
711 1445 745 1497 ut
769 1438 809 1496 de
833 1438 935 1496 veteri
967 1437 1020 1496 illa
1053 1435 1256 1496 dissensione
1287 1442 1319 1494 et

85 1541 262 1600 calamitate
292 1554 333 1598 ue
364 1537 500 1616 cogitari
530 1538 661 1615 quidem
689 1540 720 1599 iu
751 1538 907 1599 Ecclesiis
937 1536 1064 1614 possit?
1090 1572 1129 1581 -
1164 1537 1319 1597 Comitem

84 1644 145 1702 tuis
167 1641 275 1702 uerbis
299 1643 437 1702 libenter
460 1643 625 1714 salutabo;
652 1641 749 1702 velim
772 1649 880 1703 autem
900 1641 973 1718 ipse
996 1643 1036 1702 ad
1061 1659 1132 1702 eum
1149 1641 1316 1702 scriberes.

84 1747 127 1806 De
150 1745 196 1803 Te
219 1743 309 1819 ipso,
332 1744 437 1819 deque
461 1751 547 1804 statu
570 1750 602 1803 et
624 1747 717 1804 rebus
740 1743 905 1804 Ecclesiae
932 1751 1057 1806 uestrae
1081 1745 1145 1804 scis
1170 1759 1244 1804 esse
1264 1743 1316 1801 de-

85 1847 218 1907 lationes
241 1846 363 1906 varias:
394 1847 458 1907 scis
481 1845 564 1907 alios
588 1846 668 1908 alies
699 1863 776 1906 suae
803 1848 1027 1906 vehementiae
1052 1847 1174 1907 habere
1196 1848 1247 1904 uel
1271 1861 1317 1904 ra-

85 1951 187 2009 tiones
216 1949 267 2009 vel
299 1949 555 2026 imaginationes.
606 1949 693 2010 Deus
723 1950 802 2010 mihi
831 1947 926 2009 testis
951 1955 1017 2018 est,
1053 1949 1136 2025 quod
1161 1955 1317 2029 perpetuo

84 2053 193 2112 dolore
223 2049 330 2111 cordis
359 2057 479 2112 tautum
508 2070 570 2112 nou
603 2050 770 2120 conficiar,
810 2070 878 2112 cum
908 2053 1033 2112 audiam
1064 2060 1127 2112 tarn
1158 2050 1248 2112 varia
1277 2050 1317 2110 de

6 2145 7 2150 ¹
84 2153 171 2214 bouis
197 2152 276 2212 viris
300 2152 429 2214 iudicio.
463 2152 528 2213 Sed
550 2161 697 2230 tempero
721 2152 817 2222 mihi,
841 2155 916 2214 uolo
942 2155 1028 2214 enim
1051 2153 1236 2222 obtundere,
1260 2152 1318 2214 sed

83 2265 163 2317 tuus‘
183 2272 260 2316 esse
289 2256 381 2325 volo,
412 2256 483 2316 dum
506 2255 624 2316 vivam.
679 2257 772 2325 Osi,
802 2257 873 2317 o'si
897 2257 1011 2317 liceret
1040 2256 1182 2331 colloqui
1211 2273 1317 2316 coram

84 2360 123 2418 mi
143 2359 248 2420 Pater.
282 2359 330 2419 Da
353 2359 488 2418 veniam.
522 2359 716 2434 lachrymae
745 2374 797 2419 me
828 2358 1013 2436 impediunt.
1059 2359 1148 2420 lesus
1173 2360 1328 2420 Christus-

83 2458 178 2520 lilius
202 2458 265 2521 Dei
294 2465 444 2520 aeternus
474 2465 580 2520 servet
604 2467 635 2520 te
659 2461 739 2521 mihi
763 2466 795 2520 et
817 2463 909 2522 nobis
940 2462 977 2521 ad
1002 2461 1173 2522 maximum
1198 2461 1315 2522 emolu-

84 2569 220 2623 mentum
240 2560 407 2622 Ecclesiae
430 2549 518 2624 suae.
565 2565 674 2624 Amen.

163 2665 299 2725 Bremae
321 2663 347 2722 ll
371 2664 448 2726 ldaii
474 2667 564 2728 1550.

386 2777 389 2784 ’
487 2769 571 2829 'lutus
595 2785 633 2830 ex
659 2767 765 2828 auimo
789 2769 938 2828 hibertus
963 2767 1213 2844 Hardenhergus.

85 2975 148 3036 ata.
184 2971 362 3032 uotmut
409 2971 722 3054 (volutantes.)
1013 2987 1015 2994 ’
1142 2975 1145 2987 ’
1180 2975 1315 3042 lidan.

181 3057 355 3091 Μ
1180 3061 1316 3090 Μ

160 3161 169 3208 3
240 3131 462 3208 ..oswaldus
486 3134 683 3226 Myconius
710 3131 761 3202 od
788 3130 1128 3206 Meloccdtleonem.

146 3265 234 3316 Huius
254 3263 389 3331 epistolae
407 3260 601 3327 autographon
619 3261 647 3312 in
665 3259 716 3327 Ep.
736 3260 766 3310 T.
780 3263 823 3340 25.
842 3276 868 3327 p.
883 3262 942 3316 eut.
969 3263 995 3312 iu
1014 3263 1087 3313 Bibl.
1106 3261 1194 3314 Garol.
1214 3267 1315 3314 emat.

182 3351 372 3420 hpographuu
393 3350 457 3400 Viro
476 3347 547 3401 Glar.
567 3347 720 3414 Vocgetiao
741 3347 837 3400 debeo.

365 3467 428 3529 Aa
448 3465 495 3530 n.
517 3442 714 3551 pertram
736 3465 1036 3530 maenarum.

162 3591 306 3654 Salutem
335 3596 367 3651 et
397 3588 605 3653 constantiam
643 3590 675 3649 iu
703 3591 850 3650 Domino.
908 3589 1019 3652 Putant
1049 3589 1143 3650 multi
1179 3587 1254 3651 honi
1284 3599 1317 3650 et

86 3691 164 3754 docti
189 3694 251 3753 viri
275 3693 420 3753 norruihil
445 3707 518 3752 esse
542 3706 593 3751 me
616 3691 701 3768 apud
723 3698 774 3761 te,
798 3693 883 3768 quod
907 3693 1018 3752 miror:
1044 3691 1118 3752 ldeo
1141 3691 1240 3754 toties
1265 3711 1316 3752 ve-

86 3795 188 3866 niunt,
214 3802 406 3872 rogantque,
430 3802 464 3854 ut
488 3795 577 3871 ipsos
601 3792 661 3854 tibi
685 3797 910 3855 commendem.
955 3801 1004 3856 An
1028 3796 1060 3854 id
1084 3793 1159 3855 inde
1182 3797 1317 3857 forsitan

88 3904 145 3968 est,
177 3898 262 3974 quod
285 3907 414 3968 uournt,
444 3905 476 3958 te
500 3894 594 3975 diligi
618 3917 637 3958 a
660 3914 728 3957 ure:
764 3899 893 3972 quoties
925 3900 1009 3959 euim
1033 3905 1082 3959 est
1106 3898 1253 3968 occasio,
1277 3901 1318 3960 de

87 4005 115 4068 to
142 4002 256 4076 loquor
286 4019 379 4076 quam
408 3999 653 4062 honestissime:
688 4003 736 4060 An
773 4002 934 4078 quidpiam
973 4003 1014 4061 sit
1046 4000 1150 4070 aliud,
1188 4002 1317 4078 ignoto:

90 4100 320 4164 lllud'eertum:
344 4103 449 4165 scribo
472 4123 534 4167 uon
558 4103 697 4172 invitus,
735 4107 788 4163 vel
811 4113 844 4163 ut
868 4103 1052 4183 opinionem
1078 4103 1109 4164 iu
1135 4103 1200 4164 illis
1223 4105 1263 4164 de
1286 4111 1319 4164 te

89 4221 183 4266 ineam
206 4207 378 4275 retineam,
404 4186 533 4267 tametsi
556 4189 703 4267 fortassis
727 4194 849 4268 aberro.

166 4309 316 4372 Precatus
347 4316 397 4369 est
427 4308 479 4371 hic
507 4311 636 4374 Laelius
666 4311 762 4372 italus
793 4328 833 4370 ex
855 4307 972 4387 Tiguro
1003 4325 1071 4378 rue,
1107 4325 1164 4386 per
1194 4310 1319 4372 Petrum

90 4411 240 4482 quendam
263 4411 443 4483 librarium,
467 4416 586 4488 pariter·
602 4413 728 4484 ltelum,
751 4395 786 4476 ut
809 4430 845 4474 se
867 4414 972 4474 literis
992 4411 1139 4486 quamvis
1155 4412 1318 4483 brevibus,

90 4509 144 4570 tihi
172 4513 393 4574 commendare
423 4531 485 4576 uon
519 4517 701 4576 detrectem.
753 4516 908 4591 Quidem
942 4531 1016 4576 mox
1046 4514 1183 4592 promsi,
1213 4532 1318 4590 aequo

90 4609 182 4687 igitur
203 4615 312 4676 animo
335 4623 385 4687 tu,
410 4635 492 4694 quae
514 4635 582 4678 sum
606 4617 765 4703 dicturus,
790 4619 958 4697 perlegito.
1003 4617 1102 4678 Filius
1127 4623 1178 4678 est
1197 4618 1261 4677 viri
1284 4616 1319 4678 iu
