3084 5208
484 301 730 358 snrrnnnsrra
756 303 838 357 ianr
859 307 934 360 1544.
1243 285 1245 288 ’
1268 289 1331 362 198

107 455 176 518 stica
197 474 214 516 e
237 455 383 536 manibus
414 465 525 534 erepta
554 466 612 518 est.
670 459 786 524 Verum
820 465 892 534 post
921 468 1024 522 motus
1056 463 1129 522 ittos
1162 465 1327 526 rehernen-

106 561 250 630 rissinos,
274 561 347 620 dum
371 561 468 621 redeo
492 561 700 631 adverbum,
725 540 861 636 quiesco
882 569 914 621 et
938 569 1089 624 excutere
1110 565 1239 640 quidem
1258 584 1330 643 pos-

104 679 177 731 sein,
220 661 371 736 quioquid
408 661 556 732 divexat,
590 661 654 724 nisi
686 663 769 723 idern
804 663 939 726 subinde
971 683 989 724 a
1021 665 1208 742 quibusdam
1242 684 1317 729 reno

105 771 228 824 raretur.

181 869 223 927 Ne
251 884 329 928 vero
360 869 486 928 nescias
517 867 662 930 Virorum
694 869 896 937 doctissime,
927 871 1064 945 qualiter
1094 888 1154 950 ego
1178 873 1330 937 sentiam:

102 972 259 1032 Confessio
284 988 354 1033 nrea
377 971 417 1030 de
441 971 547 1030 Coena
569 972 650 1032 haee
674 978 738 1031 est:
771 969 915 1033 Christus
939 973 970 1035 in
996 972 1153 1052 Panegyri
1177 977 1328 1050 haesura

103 1089 174 1152 pane
198 1092 255 1134 nos
269 1073 373 1154 pespit
389 1091 446 1132 suo
472 1089 620 1147 corpore,
646 1081 677 1132 et
700 1090 770 1134 eum
786 1073 868 1133 Vino
893 1093 951 1136 nos
974 1082 1063 1152 potat
1086 1094 1143 1138 suo
1163 1079 1330 1155 sanguine,

102 1196 155 1238 non
186 1176 314 1254 quidem
347 1176 472 1236 ratione
500 1193 607 1239 crassa
636 1184 668 1235 et
696 1184 730 1236 ιιι
757 1177 945 1255 Capernaite
978 1179 1168 1250 postulavit,
1203 1183 1259 1256 sed
1283 1200 1332 1242 ra»

103 1280 181 1340 tione
211 1278 348 1339 coelesti
378 1286 410 1338 et
439 1279 616 1354 spirituali,
652 1280 780 1341 interim
809 1286 911 1340 tamen
943 1297 1027 1344 vera.
1086 1282 1124 1342 Et
1147 1285 1227 1366 harro
1250 1284 1332 1346 veri-

102 1389 189 1444 tatem
214 1381 402 1442 credendam
435 1397 527 1452 esse,
558 1399 619 1442 non
643 1380 892 1462 inquirendam„
919 1383 952 1443 ld
976 1383 1060 1458 quod
1081 1384 1153 1444 dieo
1176 1385 1216 1444 de
1240 1388 1333 1447 inodo

21 1487 22 1490 ’
104 1485 267 1555 ineffabili,
296 1502 358 1559 quo
383 1484 528 1545 Christos
552 1483 585 1544 in
609 1485 738 1545 dextera
761 1483 822 1544 Dei
845 1485 979 1558 sedens,
1015 1504 1089 1548 suos
1114 1487 1145 1548 in
1170 1488 1198 1548 S.
1224 1491 1329 1552 Coeno

103 1605 228 1664 corpore
259 1595 291 1648 et
321 1581 476 1663 sangnine
506 1606 564 1648 suo
595 1587 697 1648 reficit
726 1589 765 1648 ad
796 1590 901 1648 vitain.
956 1589 1003 1650 Ad
1027 1591 1184 1652 sedandos
1208 1594 1332 1654 animos

104 1693 246 1752 adversus
269 1707 320 1750 rne
345 1698 519 1751 commotos
543 1690 778 1751 confessionem
808 1693 889 1753 hano
913 1693 996 1762 rnisi,
1020 1693 1078 1752 sed
1100 1694 1234 1756 frustra:
1266 1694 1331 1756 nisi

104 1797 178 1855 enirn
202 1795 313 1856 dixero
336 1794 392 1854 Est
414 1811 470 1870 pro
495 1791 661 1870 Significat
684 1795 760 1870 poni
770 1813 783 1862 ‚·
801 1795 927 1854 defendi
954 1813 1015 1855 non
1040 1775 1141 1856 vareoss
1188 1797 1331 1858 Haecin

103 1899 198 1960 sinum
220 1905 308 1958 tuurn
332 1895 474 1967 effundo,
504 1895 633 1958 nonnisi
657 1904 690 1956 ut
714 1913 811 1957 onere
835 1896 981 1958 nonnihil
1010 1899 1115 1970 lever,
1147 1907 1179 1960 et
1203 1899 1333 1976 siquid

104 2001 213 2062 erroris
236 2001 278 2059 sit
302 1998 333 2058 in
358 2017 428 2059 inea
451 1999 626 2068 sententia,
659 2007 691 2058 ιιι
715 2015 774 2075 per
797 1999 971 2070 Christum,
1004 2001 1076 2060 duro
1100 2001 1197 2063 fuerit
1221 2004 1332 2072 otium,

104 2103 241 2164 edoceas.
286 2102 390 2162 Veiirn
423 2110 454 2161 et
486 2100 564 2162 ittod
595 2103 704 2162 doceri
736 2104 791 2162 ahs
815 2109 865 2172 te,
901 2109 1030 2162 rectene
1060 2122 1098 2162 an
1129 2105 1232 2166 rninus
1263 2123 1332 2168 sen-

103 2205 187 2274 tiam,
216 2205 288 2265 dina
311 2202 438 2274 indito,
468 2204 625 2264 decarne
651 2203 769 2264 Christi
799 2219 927 2278 semper
951 2211 982 2262 et
1005 2205 1208 2281 cogitandum
1232 2214 1264 2267 et
1287 2209 1333 2268 lo·

105 2307 270 2382 quendum,
293 2313 329 2368 ut
352 2314 402 2370 est
424 2307 531 2373 innota
547 2307 735 2368 Divinitati:
760 2325 916 2383 nirnquanr
937 2314 1042 2367 antem
1056 2315 1091 2368 nt
1105 2308 1147 2368 de
1161 2311 1329 2380 abstracta,

105 2410 232 2484 qualiter
256 2409 347 2486 loqui
371 2410 518 2470 videntur
542 2408 597 2484 qni
627 2409 735 2469 dieunt
766 2425 880 2484 eorpus
911 2410 1027 2470 Christi
1058 2411 1089 2469 in
1120 2410 1228 2472 multis
1251 2413 1333 2472 locis

105 2513 188 2573 simol
212 2530 370 2575 essenon
395 2529 502 2590 posse.
554 2512 647 2584 Quod
678 2511 787 2581 dieunt
811 2515 894 2576 enim
917 2512 1013 2573 laeiie
1037 2513 1177 2574 oonoedo
1202 2516 1241 2574 de
1266 2532 1332 2575 eor-

105 2633 175 2690 pore
197 2635 215 2680 a
237 2617 415 2678 Divinitate
439 2617 562 2686 soluto;
598 2631 708 2677 rernm
738 2616 811 2676 dnrn
841 2617 923 2676 solvi
956 2616 1082 2691 nequit,
1114 2616 1244 2688 dubium
1274 2622 1333 2686 est,

104 2735 136 2778 an
166 2718 214 2779 itti
242 2723 324 2780 hene
354 2717 468 2782 dicant.
522 2717 624 2779 Video
655 2735 791 2797 namque
829 2719 999 2780 infallibile
1034 2735 1107 2778 esse
1146 2721 1229 2796 apud
1259 2735 1333 2780 eos:

105 2822 216 2900 Corpus
246 2841 308 2882 non
339 2828 445 2898 potest
476 2837 548 2880 esse
577 2820 671 2883 sirnnl
702 2821 809 2898 maltis
840 2821 872 2881 in
903 2821 1001 2891 locis,
1038 2837 1115 2900 ergo
1140 2840 1200 2882 non
1226 2827 1334 2896 potest

105 2925 223 2986 esseio
249 2926 356 2986 Coena
379 2931 411 2984 et
435 2925 465 2984 in
491 2926 583 2985 eoelo
607 2926 717 2993 simul,
742 2924 806 2984 nisi
831 2926 1101 3000 contemplatione
1124 2925 1208 2985 fidei.
1268 2925 1336 2986 lloo

104 3038 279 3106 argumento
304 3027 439 3106 physico
471 3029 611 3088 nituntur
641 3028 721 3088 adeo
752 3027 893 3098 fortiter,
924 3034 957 3086 ιιι.
984 3034 1112 3104 putent,
1147 3043 1183 3086 se
1213 3028 1335 3088 vicisse

105 3140 203 3194 eontra
227 3149 353 3200 ornneS,
378 3131 433 3208 qni
457 3149 518 3190 non
543 3131 753 3192 consentiunt.
788 3131 870 3191 Usns
895 3137 944 3189 est
967 3130 1243 3207 Vittenhergensis
1266 3129 1333 3205 qni-

36 3273 41 3288 ·
106 3236 168 3296 dani
191 3253 229 3296 eo
254 3241 442 3314 argumento
467 3241 574 3294 eontra
604 3249 653 3292 ine
677 3249 735 3308 per
757 3232 884 3302 titeraS,
916 3233 1068 3308 quiante
1092 3249 1212 3308 paucos
1234 3250 1335 3292 annos

107 3338 192 3415 longe
222 3337 316 3400 aliter
342 3344 493 3398 senserat.
545 3337 655 3412 Neque
686 3353 745 3412 ego
777 3336 902 3396 interint
934 3336 964 3394 in
996 3337 1057 3397 hoo
1086 3352 1170 3405 suin,
1205 3341 1237 3394 ιιι
1262 3333 1332 3394 sini·

107 3442 223 3518 pliciter
246 3443 363 3505 dicam:
394 3442 515 3518 Corpus
539 3440 657 3500 Christi
682 3455 756 3500 esse
780 3437 915 3512 ubique,
942 3439 997 3498 sed
1024 3439 1118 3505 eredo
1145 3437 1251 3496 verbis
1274 3438 1335 3498 Do·

108 3546 176 3606 nrini
199 3543 424 3628 labens„dnrn
453 3543 593 3611 adserit,
624 3561 740 3620 corpus
772 3559 861 3602 suuni
891 3557 963 3600 esse
994 3540 1025 3601 in
1050 3543 1172 3608 Coena,
1207 3539 1275 3600 dari
1305 3547 1336 3600 et

108 3649 190 3708 sumi.
243 3646 316 3708 Soio
341 3646 447 3706 taedio
472 3653 504 3704 te
528 3645 629 3716 aifiei,
665 3647 745 3720 oum,
767 3645 817 3706 his
849 3647 942 3704 rehns
975 3641 1157 3712 direxeris,
1188 3644 1334 3718 quamoh-

110 3764 169 3808 rsrn
190 3751 312 3834 reniam
330 3755 421 3830 peto.
467 3747 500 3807 Si
524 3765 585 3808 non
609 3754 758 3824 uigerent
783 3746 854 3822 isti,
889 3763 929 3809 ne
953 3747 1051 3809 verbo
1076 3745 1205 3821 quidem
1229 3760 1335 3805 earum

108 3850 248 3914 fecissem
272 3853 472 3915 mentionem.
509 3851 604 3912 Paros
629 3852 727 3928 igitur
751 3858 782 3910 et
806 3852 838 3910 in
863 3851 988 3910 Christo
1014 3850 1086 3908 vale
1109 3862 1179 3908 cum
1200 3849 1236 3908 D.
1257 3846 1335 3907 liar-

109 3952 188 4024 tino‚
210 3953 348 4030 aliisque
372 3952 489 4014 sanetis
515 3959 546 4012 et
570 3951 672 4013 doctis
698 3953 853 4026 omnibus
899 3951 1047 4012 Basileae
1071 3950 1110 4008 lX
1136 3948 1218 4008 lunii
1243 3950 1334 4010 1544.

902 4056 931 4114 F.
957 4055 1007 4118 Os.
1031 4050 1205 4138 htyeonios.

615 4191 820 4202 ιο--ι--αηα--ι

111 4297 176 4355 rso.
210 4295 386 4368 naasson
420 4289 499 4377 (vor.
514 4299 597 4370 ns.
616 4293 700 4377 ιιι.)
1210 4293 1336 4353 rossa

206 4385 364 4410 Μ
1205 4375 1338 4408 Μ.

439 4458 571 4525 loarmt‘
600 4454 766 4527 conrado
801 4451 849 4524 ab
878 4454 997 4525 Ulnia.

176 4586 215 4639 Ex
231 4590 323 4640 eodem
343 4587 507 4640 collectione
526 4584 688 4638 Simleriano
708 4584 745 4648 (S.
767 4584 919 4652 Moecha).
1005 4611 1008 4619 ι

148 4680 238 4730 suppiam.
257 4683 375 4723 asiniani.
816 4661 821 4672 '
1127 4673 1163 4730 13
