3102 5202
614 317 795 376 nreantnrrt.
1259 303 1338 415 ¹'iad

99 489 192 550 quam
215 474 245 536 si
268 491 320 536 res
344 476 382 538 ad
406 492 456 538 me
480 475 665 554 pertineret.
709 475 767 538 Vir
789 473 872 538 enim
895 477 1036 556 optimus
1060 486 1109 548 est
1140 483 1172 542 et
1194 476 1338 556 Euange-

99 577 178 638 tium
207 596 322 658 magno
351 598 411 642 suo
433 580 594 657 periurio,
616 584 651 641 et
671 577 704 640 iu
725 578 870 643 maximis
893 581 1053 647 aerumnis
1081 582 1279 660 praedicavit
1306 589 1338 644 et

102 697 174 743 meo
199 683 323 746 iudicio
346 681 533 763 patientiam
555 679 719 760 praestitit
743 680 868 762 dignam
882 686 1011 750 homine
1024 684 1077 763 pio
1101 693 1132 750 et
1145 683 1336 760 Christiane,

95 787 180 864 quod
202 788 323 852 utinam
347 789 489 853 iacerent
512 785 571 850 alii
593 786 691 851 multi.
729 787 894 865 v(trtiutttrid
917 788 951 852 in
977 807 1047 854 eum
1071 788 1228 868 amieres,
1250 795 1335 864 puta-

95 889 147 952 bis
171 896 205 951 te
228 889 259 954 in
283 907 334 954 me
359 892 533 970 contulisse
556 897 654 970 utque
676 907 737 970 ogo
760 889 805 952 ita
827 892 981 970 accipiam
1010 894 1102 970 nursi
1131 892 1172 957 ad
1190 907 1242 956 me
1264 898 1336 954 totu

101 1010 155 1056 res
178 995 350 1072 pertineat.
394 994 468 1059 Seio
491 1001 596 1058 autern
617 1000 652 1055 te
674 990 767 1056 honis
790 1001 823 1056 et
845 993 911 1071 piis
934 997 1068 1059 hhcnter
1088 993 1275 1074 gratificari.
1293 995 1338 1056 ,Ει

98 1095 146 1158 Τιι
169 1093 249 1158 ittud
271 1097 372 1159 nosti:
397 1097 512 1173 siquis
535 1097 661 1160 dederit
672 1099 781 1172 potum
795 1113 899 1172 aquae
920 1095 977 1160 uni
1000 1115 1039 1160 ex
1052 1095 1195 1163 minimis
1220 1112 1338 1166 eornm,

96 1215 162 1260 non
189 1200 302 1276 perdet
332 1201 510 1262 mercedem
534 1217 632 1262 suam.
676 1197 731 1260 Htc
753 1205 858 1263 autem
882 1200 1018 1267 tticirael
1041 1208 1128 1270 certe
1151 1216 1193 1270 ex.
1213 1197 1266 1260 his
1290 1207 1339 1260 ast

97 1301 155 1379 qui
185 1302 239 1378 pio
255 1301 369 1370 ‚studio
399 1305 505 1364 colunt
535 1303 694 1366 Christum
722 1309 757 1364 et
787 1301 858 1364 eius
887 1302 1104 1382 Evangelium.
1147 1303 1235 1366 Bene
1258 1303 1336 1366 vste.

97 1406 186 1487 Περὶ
215 1401 324 1470 ἄλλων
347 1402 541 1490 πραγμάτων
575 1405 722 1470 fortassis
764 1423 869 1471 coram
903 1405 1078 1484 aliquando
1114 1407 1336 1490 colloquemur.

97 1507 219 1572 lterum
241 1507 321 1572 nale.
364 1509 500 1574 Sabbata
522 1506 601 1592 parci
625 1503 680 1588 riu
702 1509 756 1587 τῆς
780 1506 930 1592 Territus.
976 1514 1066 1572 Anno
1091 1510 1183 1574 15³2·
1209 1573 1211 1578 .

683 1663 848 1745 Philippus
872 1662 1063 1728 Melanthon.

617 1941 823 1959 Μ

101 2181 177 2242 544.
207 2182 393 2300 Q.
438 2185 732 2268 (votitptdt.)
1042 2191 1044 2200 ’
1112 2178 1339 2260 neopattae.

1136 2265 1336 2308 *av-
1432 2270 1436 2278 ¹

550 2403 682 2474 loanni
705 2403 901 2476 Danticoo.

170 2561 242 2614 idaco
260 2566 386 2633 epistota,
399 2571 475 2624 outrrs
487 2571 676 2642 autographon
692 2571 827 2625 iudodine
846 2569 1038 2624 Bibliothecae*
1050 2567 1221 2640 Upsatteusis
1244 2561 1267 2616 i.
1284 2564 1342 2616 tid.

208 2659 374 2719 asservatur,
391 2657 507 2724 primum
525 2658 598 2709 edita
609 2663 650 2708 est
665 2659 692 2709 in
702 2657 786 2710 hocce
796 2657 880 2711 libro:
892 2652 1013 2712 mentun
1021 2651 1234 2720 dourrrttuauut
1244 2644 1347 2709 ffldiflli

207 2735 307 2806 tutior.
344 2739 410 2808 dicct
434 2741 621 2812 continuitatem
648 2743 804 2811 ttrrttauttert
835 2754 884 2799 aon
911 2743 956 2795 dr.
981 2741 1086 2810 &tang
1114 2740 1244 2805 mittat.
1266 2727 1343 2788 &ab

207 2832 293 2894 tegent
321 2829 363 2881 hrt
381 2825 608 2897 dictitatirnrtnurd
635 2842 664 2898 gu
689 2828 865 2900 danuntttrg.
903 2826 1094 2899 (drauatBrrg.
1119 2826 1157 2881 iet
1186 2823 1235 2880 aa.
1255 2821 1343 2888 itatem

208 2915 285 2968 1868.
304 2925 341 2982 gt.
358 2911 401 2983 8.)
420 2931 448 2984 p.
461 2917 496 2969 rt
512 2932 563 2980 sq„
590 2931 694 2980 exque
720 2931 780 2968 eam
811 2915 881 2967 dtur.
898 2914 1097 2969 Seidemannus
1126 2913 1245 2979 benigno
1276 2911 1341 2962 mihi

173 3037 185 3048 .
211 2997 364 3066 descripsit.

123 3185 339 3253 ,tetrasemo
361 3188 517 3276 Principe·
534 3189 580 3256 D.
605 3191 731 3255 Ioanne·
751 3189 916 3254 Damasco
937 3188 1102 3274 Epr'aeopo
1124 3185 1300 3263 dormant,

613 3295 763 3360 Patrono
784 3314 852 3358 suo.

192 3471 222 3533 S.
246 3470 282 3534 D.
331 3471 459 3534 Clarias.
480 3471 643 3549 Princeps.
689 3471 824 3551 Rogavit
847 3488 896 3533 me
920 3471 972 3532 hie
994 3471 1194 3542 adolescens,
1215 3478 1250 3532 ut
1273 3471 1343 3532 lite-

104 3591 158 3638 ras
182 3577 222 3638 ad
243 3583 284 3651 te,
298 3577 418 3655 darem,
440 3577 525 3654 quod
548 3592 608 3655 ego
633 3595 693 3638 non
709 3575 808 3642 solum
831 3576 936 3652 ipsius
959 3592 1065 3648 causa,
1089 3575 1147 3636 sed
1171 3576 1267 3636 multo
1283 3591 1343 3634 rna-

106 3679 158 3757 gis
183 3680 278 3740 etiam
311 3695 381 3742 mea
403 3698 498 3742 causa
531 3678 666 3741 libenter
699 3680 771 3741 feci.
819 3679 999 3742 Gaudebam
1035 3680 1121 3742 eninr
1144 3678 1344 3741 occasionem

108 3782 189 3844 mihi
211 3783 317 3846 offerri
340 3783 569 3862 significandae
591 3782 652 3845 tihi
674 3781 880 3862 gratitudinis
904 3799 1004 3846 meae.
1048 3784 1171 3846 Etenim
1201 3799 1269 3843 curn
1293 3799 1343 3842 me

107 3887 262 3966 singulari
284 3887 509 3951 benevolentia
531 3887 696 3963 amplexus
719 3885 765 3948 sis
788 3887 821 3950 in
844 3903 883 3949 eo
908 3887 1097 3964 praesertim
1120 3888 1203 3956 loco,
1226 3886 1258 3946 in
1282 3902 1344 3961 quo

107 3989 201 4054 nohis
235 3992 331 4055 ctiam
366 3989 692 4055 coniunctissimorum
716 3992 873 4052 hominum
905 3991 1010 4054 studio
1032 3991 1217 4061 defuerunt,
1251 3987 1346 4050 tacite

107 4096 260 4174 perspexi
292 4096 450 4175 insignem
478 4095 706 4157 humanitatem
727 4102 829 4166 tuam,
867 4100 964 4172 teque
1002 4112 1069 4156 oum
1102 4101 1231 4170 propter
1264 4093 1345 4154 alias

109 4199 258 4278 egregias
282 4198 418 4262 uirtutes
446 4206 514 4262 tum
536 4215 614 4262 vero
637 4205 767 4277 propter
789 4201 870 4262 hano
890 4199 1116 4266 humanitatem
1139 4199 1268 4262 homine
1291 4196 1344 4255 do-

109 4308 162 4363 cto
186 4309 218 4364 et
241 4302 381 4382 sapienti
403 4301 622 4382 dignissimam
643 4304 851 4367 vehementer
874 4319 979 4366 amare
1000 4302 1106 4378 coepi.
1152 4301 1261 4377 Neque
1285 4314 1345 4377 ego

109 4423 192 4470 nuno
212 4407 254 4468 de
276 4423 372 4470 eausa
393 4407 562 4486 quidquam
584 4408 764 4486 disputabo,
786 4405 820 4470 in
843 4422 905 4485 qua
926 4408 991 4470 seis
1013 4423 1064 4470 me
1086 4406 1170 4470 nihii
1189 4403 1277 4469 atiud
1312 4404 1346 4469 in

110 4501 244 4590 ustoque
266 4517 359 4588 parte
380 4512 583 4578 contendisse
615 4527 708 4591 quum
735 4518 770 4576 ut
793 4513 987 4576 moderatius
1009 4512 1157 4589 utrinque
1180 4527 1233 4573 res
1255 4523 1346 4587 gere-

111 4624 207 4684 retur.
245 4618 377 4702 rantum
398 4615 440 4682 de
461 4616 526 4682 tuis
548 4616 680 4684 summis
702 4616 819 4684 officiis
841 4618 954 4690 dicam.
975 4631 1057 4695 quae
1081 4633 1152 4680 aum
1172 4615 1207 4680 hi
1235 4611 1347 4692 migra-
