3120 5206
256 311 300 382 ld
651 327 897 379 surrnnnnsrn
921 329 1001 380 nusi
1024 331 1099 383 1100.

255 487 317 545 hoo
339 485 415 546 111101
438 486 564 562 regula,
596 501 615 544 a
638 499 700 558 qua
730 483 883 558 quioquid
903 483 1057 555 dissidet,
1088 487 1157 546 inre
1180 488 1272 548 nobis
1296 482 1492 545 abominatio

255 595 305 646 est
334 595 367 646 et
397 589 572 648 anathema.
630 584 800 662 Deperiret
830 586 952 660 alioqui
982 593 1050 649 tota
1086 596 1213 650 nostrae
1249 586 1492 649 resurrectionis

253 689 516 764 ascensionisque
540 703 634 764 spes,
669 687 698 746 si
721 688 888 748 veritatem
918 689 1074 750 humanae
1104 692 1207 752 carnis
1237 691 1284 750 sic
1313 691 1491 767 prodamus.

252 794 380 855 Videris
403 791 517 867 igitur,
548 790 662 864 quibus
692 789 812 858 nitere,
844 796 875 848 et
905 805 985 864 quos
1015 794 1168 866 sequaris.
1221 793 1284 852 Nes
1315 794 1403 852 enim
1432 809 1491 852 nou

253 896 386 958 rationis
409 893 542 961 fiducia,
573 905 679 965 neque
701 892 898 967 geometriae
923 894 1097 964 certitudo,
1121 895 1178 955 sed
1200 896 1276 954 fidei
1297 891 1397 976 (quae
1414 893 1491 953 1011-

251 1006 348 1061 tatem
371 994 514 1072 corporis
538 993 656 1053 Christi
688 991 818 1076 asserit)
849 995 985 1071 religio,
1020 1011 1060 1055 ne
1090 1013 1183 1058 secus
1214 998 1409 1066 sentiamnS,
1440 997 1490 1056 ob·

252 1100 388 1176 stringit.
434 1097 528 1156 Fides
550 1113 613 1156 non
639 1096 755 1170 patitur
778 1096 894 1165 fornia,
920 1099 1047 1173 specie,
1071 1099 1342 1169 dimensionibus,
1368 1099 1489 1172 quanti-

250 1211 334 1273 tate,
363 1200 498 1278 partium
522 1199 602 1268 situ,
635 1203 667 1256 et
690 1198 866 1268 similibus,
899 1215 1006 1260 verum
1029 1209 1061 1260 et
1083 1209 1192 1262 nostro
1217 1201 1488 1262 consubstantiale

252 1323 366 1382 corpus
396 1302 523 1364 omnino
555 1299 645 1361 exui:
676 1300 746 1359 sive
776 1301 816 1360 de
846 1301 897 1361 his
926 1311 1111 1379 geometrae
1141 1304 1295 1372 doceant,
1327 1303 1400 1362 sive
1430 1319 1488 1360 non

251 1411 395 1470 doceant.
449 1405 592 1465 Christus
616 1401 671 1476 qni
694 1402 864 1478 discipulis
886 1421 997 1465 manus
1021 1411 1053 1466 et
1074 1406 1194 1483 digitos
1217 1404 1380 1474 ostendit,
1411 1405 1489 1463 hanc

250 1510 467 1588 suspicionem
488 1506 609 1566 evellit.
655 1505 790 1564 Proinde
813 1505 857 1564 mi
880 1507 1046 1584 Philippa,
1069 1509 1108 1568 ad
1132 1509 1304 1584 scripturas
1330 1508 1405 1583 ipse
1428 1525 1487 1566 non

249 1615 385 1683 accedo,
408 1611 472 1671 nisi
495 1609 558 1669 fide
583 1607 717 1683 primum
740 1613 896 1666 armatus:
920 1609 1001 1668 nihil
1025 1615 1227 1686 superstruo,
1251 1611 1315 1669 nisi
1334 1611 1398 1669 hoc
1424 1609 1487 1668 fun·

248 1719 427 1778 dementum
452 1709 680 1789 praeiecerim,
703 1709 820 1768 nnllam
843 1726 953 1770 rocem
978 1713 1123 1788 accipio,
1159 1729 1240 1787 quae
1262 1714 1369 1773 lesum
1393 1717 1488 1789 neget

250 1823 300 1880 vel
322 1819 384 1880 Dei
408 1817 462 1874 vel
486 1813 624 1874 hominis
647 1811 764 1881 filium,
790 1818 822 1870 et
845 1813 892 1871 sic
915 1814 948 1873 in
971 1817 1125 1889 obsequio
1141 1815 1259 1876 Christi
1282 1817 1486 1892 mancipium.

247 1923 384 1985 Attendo
408 1937 471 1980 non
495 1918 613 1985 solnm,
638 1914 715 1990 quid
737 1922 851 1975 sonent
875 1918 988 1986 verba,
1013 1919 1071 1977 sed
1093 1919 1170 1994 qnid
1192 1926 1301 1995 pastor
1325 1920 1384 1978 ille
1407 1918 1485 1994 opti-

247 2045 316 2087 mus
338 2025 406 2084 suis
430 2021 543 2082 ovibus
567 2019 669 2087 dicat,
695 2023 791 2092 atque
815 2018 847 2077 id
870 2020 1040 2094 genuinam
1063 2024 1231 2084 verborum
1255 2023 1486 2099 proprietatem

248 2137 280 2188 et
309 2124 547 2202 simplicitatem
576 2120 694 2179 iudico.
752 2119 841 2189 Quod
870 2120 930 2180 tibi
960 2138 1087 2197 qnoque
1117 2140 1251 2186 necesse
1284 2132 1332 2184 est
1356 2133 1483 2202 111010-
1547 2167 1548 2190 ,

246 2234 345 2292 betur.
391 2228 468 2287 Nem
490 2223 612 2297 alioqui
636 2239 697 2282 non
721 2223 835 2294 video,
870 2225 945 2298 qnid
971 2241 1111 2286 errorum
1135 2227 1302 2304 scripturis
1326 2245 1391 2288 non
1415 2245 1483 2286 con·

245 2335 402 2402 firmetur,
432 2327 590 2405 quomodo
614 2327 770 2387 haeretici
800 2343 938 2402 nnqnam
967 2329 1184 2401 confutentur,
1219 2331 1295 2406 qnid
1318 2333 1391 2392 sani
1414 2348 1481 2408 pro·

245 2437 321 2498 terri
345 2438 456 2511 queat,
481 2429 678 2506 quandonam
702 2429 916 2490 conscientias
940 2433 1134 2492 consolaturi
1154 2430 1286 2493 sumus?
1322 2433 1392 2494 Hoc
1407 2448 1480 2494 sane

246 2547 295 2599 est
324 2533 360 2600 τὸ
387 2532 609 2613 detinenatur,
645 2531 730 2606 quod
766 2531 798 2590 in
834 2533 1036 2593 sanctissima
1066 2535 1229 2595 oblatione
1257 2536 1480 2597 adiiciendmn.

244 2642 331 2703 llaec
354 2641 419 2700 erit
438 2637 470 2696 in
493 2635 646 2711 symbolis
669 2634 836 2710 theologia
859 2635 1024 2706 sincerior,
1049 2655 1111 2697 uon
1134 2640 1163 2698 si
1182 2655 1296 2714 ponem
1307 2639 1480 2702 fecerimus

244 2744 443 2806 substantive
465 2755 581 2814 corpus
605 2737 740 2806 Christi,
765 2738 818 2796 101
841 2740 899 2798 sub
923 2754 1007 2815 pane
1029 2757 1145 2817 corpus
1165 2742 1323 2812 dicamne,
1346 2745 1400 2802 vel
1417 2758 1480 2800 cor-

245 2867 305 2924 pns
336 2846 432 2904 etiam
462 2842 500 2901 ab
532 2838 641 2916 impiis
672 2841 854 2900 manducari
883 2841 1041 2902 dicamus:
1077 2843 1135 2902 sed
1158 2843 1187 2903 si
1210 2859 1250 2907 011
1275 2845 1480 2906 sensibilibus

243 2946 446 3008 insensibilia
474 2951 507 3002 et
537 2942 715 3002 invisibilia
744 2959 991 3018 cognoscamus,
1029 2951 1061 3004 et
1092 2948 1233 3006 externis
1264 2946 1407 3017 relictis,
1444 2944 1480 3004 ad

242 3049 425 3128 spiritualia
448 3047 658 3122 proficiamus
697 3046 810 3105 Verum
833 3047 933 3107 Deum
958 3053 989 3105 et
1015 3063 1120 3107 101010
1144 3050 1303 3110 hominem
1322 3049 1478 3108 Christum

240 3155 390 3214 latemur:
428 3149 486 3209 sed
509 3149 636 3225 corpori
666 3149 754 3208 illins
784 3149 881 3208 aliurn
908 3150 1011 3209 locum
1033 3151 1249 3227 assignamus,
1279 3151 1331 3212 cni
1353 3169 1413 3212 vos
1437 3150 1478 3208 in·
1546 3165 1547 3234 j

240 3273 370 3318 numera
392 3255 480 3323 loca,
510 3252 594 3328 quod
619 3252 747 3312 veritati
771 3268 937 3328 corporum
969 3271 1030 3312 non
1063 3255 1219 3330 congruit.
1275 3258 1338 3314 Ant
1361 3255 1392 3314 si
1415 3271 1477 3312 cor·
1546 3281 1547 3330 1

241 3378 301 3435 pns
325 3359 378 3418 hic
401 3356 544 3416 localiter
567 3355 724 3414 contineri
748 3355 873 3416 inficias
904 3357 976 3425 itis,
1007 3356 1083 3430 quid
1114 3358 1224 3416 volunt
1255 3359 1478 3418 contentiones
1546 3343 1547 3400 l

239 3467 385 3530 uestrae,
414 3459 528 3533 quihus
551 3457 688 3518 absurda
710 3457 877 3526 refellitis,
907 3462 940 3515 et
964 3459 1061 3517 multa
1091 3459 1161 3518 loca
1183 3458 1238 3518 uni
1262 3460 1389 3535 corpori
1413 3458 1476 3518 vin-

238 3563 370 3632 dicatis,
395 3567 441 3622 tot
464 3559 604 3621 miranda
626 3559 836 3626 confirmatis,
867 3559 1082 3620 adorationem
1108 3560 1289 3636 requiritiS,
1321 3563 1474 3634 mireque,

237 3673 272 3726 nt
294 3666 410 3726 nodum
442 3665 530 3724 illum
561 3661 714 3730 solvatis,
745 3657 960 3735 torquemini?
1016 3662 1241 3746 undecuma
1270 3665 1369 3724 habes
1394 3659 1476 3737 quod

237 3767 336 3837 dicis,
360 3767 552 3827 contendere
576 3783 633 3824 nos
656 3781 772 3839 corpus
790 3763 909 3823 Christi
933 3771 1079 3840 tanquam
1103 3767 1135 3825 in
1154 3768 1332 3843 'tragoedia
1351 3778 1474 3842 reprae-

237 3866 379 3932 sentari?
426 3871 558 3930 Causam
588 3874 676 3927 certe
706 3874 844 3927 nostram
875 3868 972 3928 multo
1001 3869 1096 3928 aliter
1119 3871 1335 3946 proponimus.
1379 3868 1473 3930 tudae

237 3981 269 4033 et
292 3972 475 4034 infidelibus
500 3973 561 4030 hoc
584 3971 732 4046 eveniat,
756 3971 811 4044 qni
834 3971 1001 4032 ueritatem
1026 3991 1086 4032 1100
1105 3979 1218 4032 ornant,
1254 3972 1351 4032 Nobis
1370 3977 1473 4032 autern

211 4081 268 4135 et
297 4075 462 4143 fidelibus,
498 4088 555 4149 per
586 4075 732 4149 spiritum
765 4074 882 4134 Christi
913 4074 1123 4143 haeredibus,
1159 4075 1315 4150 ampliora
1344 4082 1375 4134 et
1404 4090 1470 4151 pro-

235 4176 332 4237 ruisse
363 4182 450 4245 sunt,
484 4181 515 4234 et
547 4177 745 4237 exhibentur.
807 4175 936 4234 ltlultnrn
973 4193 1050 4236 sane
1090 4179 1171 4236 111101·
1202 4177 1470 4238 sacramentorum
1545 4247 1546 4252 γ

233 4260 419 4347 veritatem,
451 4286 483 4338 et
512 4279 670 4340 scenicam
702 4280 872 4340 vanitatem
903 4280 1045 4340 interest.
1105 4279 1253 4341 Videmus
1284 4261 1315 4340 in
1339 4278 1469 4340 theatris
1545 4257 1546 4332 J

234 4381 426 4451 histriones,
464 4383 583 4458 puellis
613 4384 785 4444 arrabones
813 4381 956 4458 coniugii
985 4382 1127 4450 tradere,
1165 4389 1211 4442 et.
1232 4383 1374 4457 coniugii
1403 4381 1468 4440 iura

234 4502 296 4547 non
320 4491 473 4546 constare.
520 4487 671 4546 Videmus
696 4487 727 4546 in
751 4487 871 4562 nuptiis
895 4503 1062 4562 sponsum,
1087 4503 1236 4562 sponsam
1258 4486 1374 4548 annulo
1398 4483 1466 4544 snb·

234 4604 360 4658 errare,
384 4596 415 4648 et
438 4605 530 4648 nemo
555 4597 701 4666 separat,
726 4607 805 4664 qnos
820 4590 908 4650 Deus
927 4588 1100 4648 coniunxit.
1135 4588 1362 4648 Ridebimnsne
1376 4602 1465 4664 spon·
