3116 5212
131 3983 134 3988 .
223 3956 286 3998 nen
310 3939 370 4000 erit
393 3941 499 4016 impie.

224 385 288 457 diti
715 403 897 460 arrnnmx.

329 633 361 700 S.
385 635 416 696 in
441 633 576 696 Christo.
621 631 700 710 Legi
735 631 886 706 scripturn
910 637 1047 697 vestrum
1083 633 1123 694 de
1147 631 1364 708 explicatione
1386 634 1458 710 dog·
1546 665 1547 708 t

223 733 319 798 matis
341 733 521 800 Osiendrioi
544 753 581 798 ac
603 750 717 812 precor
738 733 839 796 Deum
862 741 983 812 petrem
1006 735 1134 798 Domini
1156 735 1258 798 nostri
1281 736 1353 798 lesu
1375 736 1459 798 Chri·

224 840 282 910 stt,
316 843 351 900 ut
373 840 427 900 dot
464 833 572 920 αὔξην,
592 835 647 902 ‘t'ro
670 828 688 900 ὃ
710 831 810 910 κόπος
832 829 919 919 ὑμῶν
940 831 998 904 oria
1022 829 1042 928 ᾖ
1063 834 1209 914 sardois
1230 841 1342 924 κυρίῳ.
1387 840 1461 901 Cum
1546 831 1547 864 ³

224 941 323 1020 igitur
346 943 446 1004 visum
477 942 544 1004 tibi·
569 937 624 1004 sit¹
647 957 750 1006 meum
773 956 900 1018 puroque
923 942 1114 1006 sententiam
1138 943 1178 1004 de
1202 961 1241 1006 eo
1264 943 1386 1018 scripto
1410 960 1463 1004 au·
1546 947 1547 984 t

224 1047 303 1118 dire,
328 1065 389 1110 non
413 1048 569 1124 gravabor
592 1061 660 1106 eam
683 1041 828 1115 recitare,
863 1045 920 1111 sed
943 1043 1001 1108 hoc
1025 1045 1221 1118 conditione,
1253 1051 1290 1106 ut
1318 1044 1462 1108 vicissim

223 1157 279 1212 tuo
303 1149 423 1214 iudicio
458 1149 501 1212 sit
530 1148 682 1212 subiecta.
731 1146 831 1210 Video
869 1155 1008 1210 restrum
1031 1150 1183 1225 scriptum
1221 1155 1350 1228 praeter
1375 1149 1461 1210 illam

223 1254 264 1318 de
287 1252 580 1316 Sueneoleldio
609 1252 819 1331 appendicem
856 1249 932 1314 dures
954 1258 1061 1329 partes
1084 1254 1259 1318 continere.
1304 1253 1339 1315 ln
1362 1251 1462 1328 priori
1546 1299 1547 1316 t

223 1356 344 1419 iudicio
379 1373 485 1420 veram
509 1353 731 1434 propheticam
754 1361 786 1416 et
809 1355 1016 1430 apostolicam
1040 1354 1214 1418 doctrinam
1243 1356 1283 1418 de
1305 1356 1461 1418 iustifica-

224 1461 314 1524 tione
338 1460 477 1524 hominis
500 1475 604 1520 coram
626 1458 700 1529 deo,
731 1458 772 1520 de
794 1458 912 1520 officiis
932 1458 1027 1520 trium
1049 1475 1256 1536 personarum
1291 1459 1324 1520 in
1347 1455 1462 1518 divini·

223 1570 289 1628 tete
313 1571 345 1624 et
367 1565 408 1626 de
431 1563 606 1625 Mediatore
630 1561 686 1638 pie
709 1569 742 1624 et
766 1561 891 1626 erudite
913 1562 1054 1634 recitari,
1089 1563 1266 1624 nacoliam
1289 1561 1388 1624 alium
1409 1561 1462 1621 do·
1546 1557 1547 1572 ¹

224 1665 358 1730 ctrinarn
394 1683 463 1729 cum
497 1667 557 1728 heo
587 1671 777 1744 pugnantem
813 1666 1049 1742 agnoscendam
1071 1681 1155 1726 esse.
1200 1664 1309 1728 Sentio
1334 1678 1463 1750 quoque
1546 1665 1547 1746 g

222 1769 522 1848 interpretationem
545 1769 700 1832 dictorum
720 1769 848 1840 Esaiae,
871 1768 1053 1834 Hieremiae
1076 1775 1109 1830 et
1131 1767 1288 1840 Danielis,
1311 1769 1397 1830 siout
1430 1767 1462 1828 in

222 1875 284 1936 lroc
299 1873 418 1952 scripto
442 1879 711 1944 commemoratur,
724 1888 831 1936 reram
855 1876 889 1933 et
910 1880 1029 1940 rectem
1047 1890 1086 1936 ec
1107 1874 1267 1952 propriam
1290 1888 1375 1934 esse
1399 1871 1462 1931 Sed
1546 1871 1547 1884 ¹

224 1976 309 2052 quod
343 1979 403 2040 lrao
425 1978 457 2038 in
481 1981 571 2054 perte
607 1993 685 2038 usus
705 1977 815 2038 horum
839 1978 1093 2055 propositionum
1129 1978 1202 2040 Per
1232 1983 1265 2038 et
1294 1977 1463 2053 Propter

222 2083 364 2150 vocatur,
387 2081 475 2143 lusus
499 2086 530 2140 et
553 2077 723 2150 subtilitas,
748 2077 812 2143 etsi
834 2080 895 2142 hcc
918 2078 953 2142 in
975 2081 1045 2142 loco
1070 2085 1157 2143 recte
1179 2081 1334 2142 refutatur
1352 2095 1463 2141 eorum
1546 2143 1547 2168 χ

223 2181 394 2252 sententie,
426 2180 483 2256 qui
509 2197 568 2259 per
591 2183 778 2246 vocabulum
797 2182 869 2244 Per
898 2181 1081 2261 intelligunt
1109 2184 1387 2260 praeparationem
1409 2182 1464 2244 Pe·

224 2283 391 2362 pisticam
423 2292 527 2348 tamen
551 2286 725 2356 cavendum
748 2286 820 2357 erit,
841 2301 884 2348 ne
905 2293 941 2348 et
962 2305 1021 2350 nos
1044 2289 1104 2348 trae
1126 2287 1298 2349 occasione
1333 2285 1463 2363 apapi·

223 2389 282 2456 stis
315 2391 456 2450 ludomur
478 2397 511 2450 et
532 2391 700 2453 rideantur·
745 2389 891 2453 Solemus
916 2389 1001 2452 eninr
1033 2397 1066 2452 et
1099 2409 1159 2452 nos
1194 2389 1256 2452 hoc
1278 2387 1464 2450 discrimine
1546 2403 1547 2468 ζ

222 2493 280 2564 uti,
304 2501 339 2556 ut
362 2511 430 2555 cum
454 2493 593 2564 dicimus,
617 2495 700 2572 quod
725 2491 935 2556 iustificemur
958 2510 1062 2556 coram
1083 2494 1152 2556 Deo
1174 2509 1233 2572 per
1255 2493 1365 2564 fidem,
1400 2511 1463 2554 non

226 2603 329 2656 autern
354 2597 603 2674 propterfideur,
627 2597 686 2658 sed
707 2605 837 2674 propter
849 2597 1005 2660 Christum
1028 2613 1087 2659 seu
1104 2595 1321 2659 obedientiam
1334 2595 1462 2656 Christi.
1546 2615 1547 2672 t

232 2697 415 2760 Recitantur
439 2699 533 2760 etiarn
557 2700 710 2776 quaedem
732 2707 916 2778 argumenta
937 2701 1000 2764 rain
1021 2694 1197 2772 ἀντιδίκων,
1221 2705 1404 2776 quaerente
1419 2701 1464 2760 di·

225 2803 360 2862 luuntur.
406 2802 469 2889 Sed
490 2803 543 2864 hic
566 2804 668 2866 danda
691 2811 740 2864 est
763 2819 870 2882 opera,
892 2820 934 2866 ne
956 2799 1131 2880 ἀντιδίκοις
1153 2805 1318 2882 attingatur
1342 2805 1465 2880 quoda
1546 2869 1547 2884 χ

225 2905 384 2966 sententia
407 2895 554 2983 ipsorum
571 2908 710 2968 alienum
733 2908 839 2968 fuerit.
885 2909 1002 2986 Negari
1039 2908 1120 2970 enim
1151 2926 1213 2970 non
1236 2911 1354 2986 polest,
1372 2908 1463 2994 squin

224 3007 256 3068 in
280 3009 342 3068 hoc
365 3010 549 3072 Osiendrico
573 3009 709 3072 dissidio
745 3027 844 3089 saepe
867 3011 953 3074 aliud
993 3013 1110 3075 sentiat
1145 3006 1349 3086 ὅᾶντίδικος
1371 3027 1464 3088 quam

225 3112 309 3188 quod
332 3114 492 3175 refutetur.
536 3115 568 3175 ln
591 3117 763 3190 posteriori
786 3121 893 3191 parte,
929 3115 1019 3177 cuius
1036 3118 1167 3179 initium
1190 3124 1258 3178 ast:
1302 3116 1463 3194 &estotim
1546 3125 1547 3204 t

224 3216 305 3290 tollen
330 3219 381 3295 itte
404 3219 495 3283 meten
517 3222 553 3282 tm
566 3219 705 3298 liretiptu
728 3225 787 3281 etc.
811 3222 1020 3297 prohibentur
1044 3223 1198 3298 quaedam
1221 3236 1324 3282 norae
1347 3220 1461 3280 iorrnu·
1546 3219 1547 3292 l

224 3318 275 3378 lae
299 3320 461 3395 loquendi,
485 3324 690 3400 quassantia
715 3324 787 3401 ipse
811 3339 937 3402 quoque
959 3324 1112 3388 vitandas:
1147 3326 1211 3386 Sed
1233 3325 1327 3402 paulo
1351 3323 1460 3384 durius

225 3418 361 3493 videtur,
395 3423 424 3483 si
444 3424 636 3502 simpliciter
658 3427 851 3488 damnentur.
897 3428 1072 3491 Nonnullae
1096 3429 1180 3490 enim
1215 3428 1324 3489 harum
1347 3428 1461 3487 formu·
1546 3465 1547 3474 κ

223 3523 322 3583 larum
345 3535 476 3600 possunt
499 3535 606 3590 restro
631 3530 725 3590 etiem
749 3529 935 3592 testimonio
959 3531 1013 3608 pie
1038 3530 1186 3610 intelligi.
1232 3534 1260 3592 2.
1283 3533 1458 3610 detwtnidt

224 3629 304 3690 otttt
346 3633 442 3709 peterit
482 3647 536 3698 ocu
565 3651 652 3714 mepta
684 3639 727 3696 tet
763 3638 942 3715 metruttidptu
982 3637 1172 3716 deredtlpicit
1217 3643 1274 3696 etc.
1334 3635 1369 3696 Si
1405 3635 1455 3694 ad·

224 3730 355 3804 dideris,
393 3735 477 3810 quod
506 3755 564 3796 vos
598 3755 693 3812 supra
715 3745 802 3800 recte
828 3738 1029 3816 explicuistis
1068 3739 1230 3820 (tanquam
1253 3755 1310 3817 per
1333 3757 1458 3800 causam

229 3835 450 3922 allicientem),
473 3842 522 3902 mie
546 3840 656 3914 pratae
680 3844 794 3921 inridit:
839 3843 910 3907 oon
937 3847 977 3922 tt,
1002 3847 1046 3906 ter
1067 3845 1165 3924 pererit
1187 3847 1278 3924 modii,
1301 3843 1461 3904 sententia
1546 3921 1547 3972 1

1546 3981 1547 4036 l

272 4149 274 4152 .
330 4096 357 4154 3.
393 4094 452 4158 tter
474 4095 580 4175 illentdt
605 4100 685 4162 mtrtt
703 4101 801 4180 peredit
833 4114 886 4164 uon
908 4105 1065 4181 menander
1084 4101 1247 4179 &nucuuup
1270 4099 1384 4162 (dotted.
1429 4092 1461 4156 Si
1546 4063 1547 4144 i

226 4196 306 4256 haec
330 4199 520 4272 exposueris
543 4217 601 4274 per
623 4207 730 4262 vestra
752 4205 863 4274 verba,
894 4203 1047 4265 videlicet
1082 4204 1142 4283 (Sit
1164 4220 1228 4275 mot,
1252 4205 1300 4264 too
1325 4202 1397 4265 oott
1420 4204 1462 4262 ta

224 4301 326 4364 tlotter
349 4303 427 4381 turri
450 4303 701 4379 {statuerumt
725 4307 840 4386 tetttpcn
866 4306 938 4384 dett
959 4309 1047 4385 ttctcn
1069 4309 1204 4387 paterna
1226 4309 1289 4379 tacit
1310 4306 1349 4367 tm
1373 4304 1459 4382 protis

225 4405 365 4480 tramisit
387 4409 442 4470 unt
465 4405 550 4472 deiru
572 4411 630 4490 gibt
664 4413 721 4474 uui
748 4411 803 4488 itud
835 4410 1032 4489 mortaiitipttdp
1057 4409 1239 4492 prprnmdrttp
1263 4409 1371 4480 uitta,
1393 4408 1458 4470 &ott

226 4510 283 4572 aas
307 4509 510 4591 ieitintrpttt,
534 4517 874 4592 modut'ttunttclrtrn
897 4511 1163 4597 lindesiensis),
1197 4532 1259 4574 non
1295 4517 1342 4572 est
1377 4511 1455 4586 quod

229 4609 401 4687 impietatis
436 4633 586 4677 accusare
609 4623 716 4693 orrens.
762 4619 825 4680 Sed
849 4619 946 4678 verda
985 4615 1120 4700 (inquis)
1155 4617 1301 4694 ambigua
1324 4621 1395 4675 sunt
1428 4619 1457 4672 et
