3084 5208
174 315 236 390 tlt
570 334 816 390 stertentum
834 339 917 390 anni
940 337 1016 393 inae.

173 493 292 554 usitata
308 493 462 554 dicerem.
509 492 571 554 Sed
595 493 781 570 properatio
805 493 864 553 snit
888 493 920 552 in
944 511 1057 564 causa,
1083 511 1181 570 quare
1203 503 1236 556 te
1259 514 1359 574 rogo,
1383 503 1419 558 ut

173 595 253 655 mihi
276 595 433 672 ignoscas.
479 596 553 656 Nom
578 597 701 656 animus
725 601 774 654 est
797 602 913 671 gratus.
965 596 1129 658 Pollicitus
1154 615 1295 660 summe
1320 599 1420 658 vobis

172 697 341 758 missurum
364 697 474 758 literas
496 700 525 758 si
549 715 627 772 quas
651 698 800 758 haberem
824 699 864 757 de
876 699 1105 762 Brunsuicensi
1118 707 1285 764 conventu.
1322 701 1419 762 Mitto

174 800 271 878 igitur
294 801 429 877 scriptas
454 819 472 862 a
494 801 655 862 Friderico
687 799 850 862 Gothanae
873 801 1039 862 Ecclesiae
1061 803 1207 875 Pastore,
1237 805 1291 879 qui
1316 805 1420 864 comi-

172 911 256 966 tatus
287 910 336 964 est
359 902 546 980 Principem.
582 900 667 964 'llae
697 905 782 964 enim
814 912 904 964 erant
933 905 1135 981 copiosiores
1165 909 1300 978 ceteris,
1333 924 1420 982 qima

172 1007 292 1084 accepi.
336 1006 478 1082 Expecto
502 1005 705 1082 copiosiores
727 1007 833 1066 hodie.
880 1009 924 1068 Tu
948 1026 1017 1068 cum
1041 1009 1176 1086 legeris,
1213 1009 1333 1071 exhibe
1360 1025 1420 1070 eas

171 1111 241 1170 viro
265 1109 398 1186 egregio
420 1110 457 1170 D.
481 1108 686 1186 Praeceptori
707 1108 994 1187 Lichtenbergensi
1022 1119 1076 1172 ant
1100 1113 1223 1172 doctori
1248 1113 1421 1172 Tatleben.

171 1213 262 1274 Mitto
293 1210 354 1271 tibi
384 1211 479 1272 etiam
509 1211 663 1274 Psalmum
701 1211 847 1288 Exnrgat.
900 1213 985 1274 Bene
1016 1215 1095 1276 vale.
1148 1214 1309 1274 Sabbatho
1340 1199 1421 1289 post

172 1319 306 1377 Laetare
337 1316 425 1374 1538.

900 1418 1067 1495 Philippus
1089 1419 1280 1482 Melanthon.

690 1538 894 1546 n—--—

175 1665 242 1724 163.
278 1661 332 1718 No.
348 1656 454 1720 ttttt
501 1661 579 1739 (Vol.
595 1661 648 1717 ΙΠ.
672 1680 698 1735 p.
718 1658 803 1741 563.)
1285 1665 1313 1724 8.
1338 1667 1422 1742 Aug.

277 1745 449 1772 Μ
1283 1757 1417 1782 Μ

513 1822 733 1910 Hieronymo
760 1822 1071 1914 Buumpartnero.
1105 1859 1108 1868 =

241 1957 314 2006 Hanc
333 1953 478 2023 epistolam
497 1951 613 2018 primurn
634 1951 721 2002 edidit
740 1951 851 2001 Scheler
870 1968 884 2000 e
904 1953 1070 2005 Proressons
1089 1953 1147 2005 Van
1162 1957 1194 2006 de
1209 1957 1296 2007 Velde
1317 1958 1421 2026 Appa-

274 2047 335 2093 ratu
353 2037 610 2090 Melanchthoniano
631 2038 657 2086 in
677 2036 827 2088 Naumanni
848 2037 968 2104 Serapeo
989 2041 1053 2092 anni
1076 2041 1148 2098 teet.
1175 2041 1223 2094 No.
1239 2045 1262 2095 7.
1283 2060 1311 2110 p.
1324 2045 1421 2108 aesq.

275 2129 356 2194 epist.
376 2127 400 2178 3.

170 2249 359 2312 Clarissimo
381 2253 470 2319 viro,
502 2244 707 2314 eruditione,
736 2249 905 2326 sapientia
935 2256 968 2304 et
988 2251 1115 2308 virtute
1140 2255 1336 2330 praestanti
1370 2249 1419 2315 D.

170 2351 375 2438 Hieronymo
400 2347 689 2427 Baumgartnero,
719 2353 868 2408 senatori
894 2349 1041 2430 inclytae
1068 2349 1160 2412 urbis
1182 2349 1421 2432 Norrbergae,

544 2455 649 2511 amico
671 2469 729 2510 cuo
752 2455 924 2511 carissimo
948 2451 977 2510 S.
1001 2454 1036 2512 D.

255 2575 322 2638 Etsi
347 2574 414 2635 scio
437 2572 539 2631 Deum
562 2569 747 2629 attribuisse
778 2571 874 2628 rebus
904 2571 1042 2632 conditis
1073 2591 1147 2633 suas
1172 2574 1257 2634 vires
1287 2581 1320 2632 et
1347 2595 1419 2637 non

171 2687 338 2742 contemno
373 2672 627 2753 significationes
658 2679 689 2730 et
721 2689 833 2732 causas
862 2676 1029 2750 physicas:
1070 2685 1172 2737 tamen
1205 2683 1236 2737 et
1267 2679 1328 2738 hoc
1362 2681 1420 2739 fir-

171 2783 315 2844 missima
348 2778 541 2840 adsensione
573 2775 676 2834 sentio
702 2775 803 2835 Deum
835 2783 997 2838 aeternum
1021 2787 1142 2856 patrem
1166 2781 1285 2841 domini
1310 2785 1422 2843 nostri

171 2889 247 2947 lesu
270 2881 388 2944 Christi
412 2878 607 2940 conditorem
631 2884 761 2938 naturae
785 2879 995 2951 liberrimum,
1033 2885 1167 2958 plurima
1196 2883 1357 2943 moderari
1388 2895 1420 2945 et

170 2991 288 3050 multos
318 2985 427 3045 tristes
460 2988 592 3040 eventus
624 2981 797 3055 impedire,
828 2982 924 3058 idque
956 2985 1026 3060 ipse
1051 2985 1202 3060 comperi.
1248 2985 1286 3044 Et
1310 3003 1420 3064 saepe

171 3094 278 3171 cogito
302 3091 342 3150 de
366 3087 476 3164 ‘primis
501 3083 695 3160 parentibus,
749 3085 786 3144 lli
811 3093 883 3162 post
907 3089 1028 3163 lapsum
1060 3092 1098 3148 ab
1129 3090 1274 3148 omnibus
1297 3105 1420 3151 secun-

171 3197 220 3257 dis
244 3194 349 3255 causis
373 3188 510 3258 deserti,
540 3194 644 3247 tamen
676 3186 830 3247 divinitus
855 3189 989 3250 recreati
1020 3198 1099 3250 sunt.
1152 3191 1190 3250 Et
1215 3207 1346 3266 possem
1374 3193 1417 3252 de

170 3301 230 3359 hac
254 3283 414 3358 sententia
435 3293 532 3352 multa
556 3291 697 3350 scribere
722 3308 813 3365 qtram
838 3298 870 3350 et
894 3293 1040 3353 versibus
1062 3293 1233 3368 aliqnando
1254 3297 1418 3369 expressi.

340 3400 411 3473 lpsa
436 3394 531 3455 etiarn
554 3393 699 3468 quamvis
723 3394 881 3454 adamanti
905 3396 1007 3456 incisa
1030 3397 1181 3466 teruntur,

386 3501 460 3558 Cum
484 3497 637 3574 petimus,
661 3496 776 3555 cedunt
800 3497 863 3556 tata
887 3513 1001 3558 severa
1022 3500 1101 3559 Deo.
1160 3511 1163 3520 ·

341 3604 406 3662 Nec
427 3603 515 3661 Deus
540 3606 742 3669 esttamen,
766 3600 929 3662 Parcarum
953 3618 1079 3662 carcere
1104 3603 1255 3671 clausurn,

382 3703 481 3775 Quale
506 3705 674 3778 putabatur
697 3702 823 3761 Stoicos
848 3719 921 3764 esse
945 3706 1040 3764 Deus.

341 3809 412 3883 lpse
435 3812 543 3882 potest
566 3807 655 3864 solus
679 3811 787 3864 currus
811 3806 958 3865 inhibere
983 3808 1140 3877 volantes,

383 3912 456 3988 lpse
480 3909 567 3968 velut
591 3909 732 3984 scopulis
757 3909 885 3970 llumina
909 3917 992 3970 stare
1017 3911 1114 3970 iubet.

255 4017 378 4076 Teneas
403 4013 500 4090 igitur
523 4011 563 4072 de
586 4012 653 4094 filio
677 4013 758 4072 hanc
781 4014 1047 4074 consolationem:
1070 4017 1287 4092 generationi
1303 4025 1414 4074 recto-

168 4138 243 4178 rum
264 4114 487 4178 benedicetur.
536 4114 688 4183 Genesim
711 4123 744 4174 ut
769 4115 840 4190 ipse
864 4117 966 4185 videt,
991 4116 1134 4190 pericula
1157 4115 1331 4181 denuntiat.
1375 4117 1413 4176 Et

171 4239 233 4281 non
258 4221 319 4279 crit
343 4218 452 4296 segnis
475 4224 509 4277 ut
534 4219 707 4279 existimas.
744 4218 777 4276 Si
803 4237 861 4278 non
887 4220 976 4278 voles
995 4227 1031 4277 ot
1054 4221 1086 4278 in
1112 4219 1278 4294 republica
1300 4216 1413 4292 aliqua

170 4325 201 4384 in
232 4322 422 4384 cancellaria
459 4321 656 4390 instituatur,
692 4321 777 4380 ritae
808 4322 999 4382 tutissimum
1032 4328 1063 4381 et
1094 4323 1181 4380 velnt
1212 4320 1411 4382 domicillam

172 4427 330 4486 videretur
352 4425 420 4484 lore
445 4425 662 4500 philosophia.
696 4424 741 4484 lta
757 4423 861 4484 minus
881 4425 912 4484 ei
933 4424 1071 4500 periculi
1091 4423 1292 4485 metuendum
1312 4432 1410 4484 esset.

169 4530 232 4590 Sed
256 4529 389 4590 scribam
413 4527 493 4588 alias
517 4529 615 4603 plura.
668 4528 823 4602 Lycaonis
853 4535 957 4588 cestra
987 4529 1089 4589 adbuc
1113 4535 1186 4588 sunt
1210 4528 1315 4588 vicina
1339 4530 1411 4588 urbi

169 4632 376 4711 Brunawigae
408 4637 439 4692 et
472 4630 631 4690 exercitus
661 4631 795 4706 erigitur.
857 4630 921 4688 Nec
949 4630 1041 4690 deest
1073 4631 1234 4706 pecunia·
1256 4625 1323 4711 ἔχει
1354 4618 1413 4691 οὖν
