3084 5208
460 331 708 386 sunrnunuurn
726 333 809 387 saur
832 335 909 392 msa.
1245 315 1307 390 lii

83 493 238 568 renuent,
263 481 469 566 quod'ltcoat
491 491 615 552 dicore:
638 490 722 554 Sota
736 487 832 567 fides
856 487 1046 569 iustificat:
1069 507 1185 567 nempe
1206 488 1308 573 μόνον

81 599 193 659 πίστευε
213 597 307 656 Marc.
323 593 359 652 V.
389 602 423 655 et
449 597 521 654 Lac.
539 593 616 654 Vlll.
682 595 720 655 Et
746 593 848 655 vbaius
878 597 1009 672 generis
1038 613 1139 672 nugas
1163 593 1306 658 infinitas

80 699 199 760 Senatus
222 697 363 775 sprevit,
393 685 498 772 necue
529 696 701 773 quicquam
724 717 792 760 cum
823 715 862 759 eo
888 698 1014 776 negotii
1043 699 1164 761 babere
1194 699 1305 761 voluit.

79 803 131 864 Sed
150 799 331 878 prohibuit,
366 815 406 862 ne
435 801 611 862 doctrinam
640 819 731 862 errem
753 819 829 862 eum
853 817 1014 878 qiroquam
1044 803 1304 874 communicaret,

80 904 131 966 nisi
157 921 223 966 cam
256 903 535 966 concionatoribus
562 905 655 964 torte.
712 905 810 968 Nobis
841 905 961 975 suasit,
994 913 1030 966 ιιι
1068 907 1162 981 quasi
1192 913 1304 968 nostra

79 1015 177 1085 sponte
208 1010 357 1085 privatim
386 1009 547 1068 bominem
579 1009 822 1070 confutaremus.
882 1010 973 1081 Quod
1009 1026 1078 1072 enm
1113 1010 1303 1081 faceremus,

79 1111 158 1172 bomo
180 1129 242 1172 non
269 1109 409 1186 quievit,
433 1111 535 1171 donec
559 1108 719 1171 obtineret
733 1111 813 1171 duos
828 1110 903 1171 illos
917 1112 1090 1174 Senatores
1104 1111 1303 1189 superiores.

78 1221 105 1274 ut
128 1214 288 1276 adessent:
335 1213 574 1275 confutavimus
605 1213 768 1276 bominem
797 1216 846 1276 sic
875 1221 909 1275 ut
939 1213 1066 1291 lapides
1095 1213 1216 1274 nictum
1240 1215 1303 1276 cla-

80 1334 149 1378 nare
176 1319 367 1394 potuissent.
419 1316 514 1378 Solus
546 1315 621 1394 ipse
655 1319 759 1394 stipes
794 1319 873 1378 nibil
912 1321 1107 1380 movebatur.
1163 1316 1225 1378 Sed
1263 1318 1304 1379 de

80 1422 187 1497 integro
211 1421 386 1496 postulavit
408 1419 603 1496 stipendium
633 1437 691 1497 nro
715 1421 783 1481 suis
806 1429 942 1497 quotuor
966 1421 1078 1496 equis,
1110 1428 1143 1481 et
1164 1427 1303 1496 quatiicr

80 1525 118 1584 vel
138 1523 235 1585 tribus
259 1526 393 1600 insuper
414 1523 584 1594 addendis,
610 1530 643 1584 ut
666 1526 845 1602 legaretur,
871 1525 954 1585 sicut
976 1523 1054 1586 dixi.
1099 1526 1162 1586 laur
1187 1524 1303 1585 dudum

80 1625 202 1704 cogitas,
226 1625 389 1688 bominem
413 1624 564 1686 insanire.
598 1627 665 1704 Ego
689 1644 767 1687 vero
790 1633 868 1702 nuto
893 1643 966 1688 eum
992 1645 1010 1687 a
1034 1626 1149 1688 Salano
1172 1627 1301 1704 agitari,

80 1729 125 1788 sed
144 1731 204 1800 sic,
232 1735 271 1792 ut
289 1737 394 1792 tamon
428 1747 489 1790 non
519 1733 629 1790 morbo
651 1731 760 1806 aliquo
796 1733 935 1800 laboret,
960 1730 1019 1790 sed
1042 1731 1151 1805 polius
1174 1729 1239 1799 sic,
1268 1737 1302 1790 ιιι

79 1831 164 1892 ludas.
207 1832 264 1893 Est
287 1833 373 1892 enim
396 1831 475 1894 satis
499 1835 616 1909 loquax
641 1835 865 1905 otiabundus,
890 1835 985 1894 etiam
1009 1833 1139 1894 Latine:
1164 1833 1302 1894 Graecas

79 1934 217 2007 gustarit,
248 1933 307 1992 sed
329 1941 456 2011 praeter
478 1935 604 2013 linguas
634 1935 715 1998 nibil
738 1940 889 2000 bonarum
907 1935 1035 1997 artium
1057 1942 1162 2001 tenet:
1197 1943 1247 2004 et,
1273 1935 1302 1995 si

79 2053 128 2094 non
148 2043 350 2107 coerceatur,
380 2046 491 2114 posset
519 2055 668 2116 magnum
698 2039 841 2100 exaitare
871 2038 1061 2100 incendium.
1115 2037 1197 2107 Nos,
1217 2039 1302 2113 ‘quia

79 2137 121 2198 dia
142 2139 192 2202 bic
215 2141 350 2202 haerere
373 2159 435 2202 non
462 2142 597 2218 polerit,
621 2161 658 2203 ac
681 2144 832 2203 nesciet
856 2141 983 2218 quidem
1008 2141 1054 2202 ita
1076 2139 1300 2211 circumdatus,

78 2243 227 2306 scribimus
256 2241 399 2314 amieiS,·
422 2251 457 2304 ut
486 2263 618 2321 quoquo
652 2253 807 2307 terrarum
843 2262 880 2306 se
911 2247 1072 2314 conferat,
1108 2252 1215 2304 notum
1242 2243 1301 2315 rsit,

79 2344 141 2418 quid
164 2349 204 2411 ab
235 2364 274 2407 eo
304 2348 486 2424 exspectari
515 2350 640 2411 debeat.
691 2351 730 2410 ili
758 2351 874 2410 videor
902 2348 983 2410 mibi
1013 2348 1126 2408 videre
1150 2347 1299 2408 Salonam

77 2465 127 2508 una
148 2467 215 2510 cum
238 2450 378 2528 Papistis
402 2453 463 2511 boc
486 2451 692 2514 multifariam
715 2452 888 2528 multisque
922 2450 1098 2537 rationibus
1123 2451 1300 2520 elaborare,

77 2557 117 2621 ut,
148 2553 285 2616 excitata
308 2553 418 2630 aliqua
439 2573 524 2616 nova
546 2563 580 2616 et
602 2556 789 2634 prodigioso
813 2563 901 2616 secta
924 2556 1095 2617 Lutbemm
1118 2549 1299 2624 obscurent,

78 2647 241 2737 invisum)
271 2656 408 2726 iaciunt,
438 2657 536 2734 eique
560 2665 740 2720 contentam
764 2660 930 2729 inducant,
961 2674 1024 2733 quo
1054 2655 1162 2721 statim
1184 2656 1299 2718 Lutbe·

78 2753 149 2818 ranis
175 2759 293 2822 bellam
322 2749 493 2830 inferatur,
521 2767 558 2821 ιιι
580 2761 644 2824 iam
667 2761 803 2822 infirmis
834 2768 866 2821 et
894 2761 1009 2821 studiis
1034 2757 1123 2836 vulgi
1153 2755 1299 2835 privatis.
1343 2833 1347 2846 .

77 2855 130 2918 Hoc
152 2859 294 2943 omnibus
315 2862 438 2922 viribus
458 2879 577 2924 carere
599 2865 761 2926 debeinns.
806 2863 870 2924 Sed
892 2863 933 2922 de
957 2861 1089 2923 bomine
1110 2861 1229 2921 stolido
1252 2861 1299 2922 ni·

76 2961 124 3022 mis
146 2964 257 3034 multe,
282 2982 353 3028 com
374 2972 479 3028 tamen
503 2973 625 3028 restent
639 2968 741 3042 clare
776 2967 863 3028 Bene
879 2966 959 3026 vale.
995 2965 1298 3026 innocentius.

78 3148 136 3208 ιιι.
166 3152 347 3214 acrama
395 3113 538 3235 (nonni.
561 3178 589 3232 p.
607 3156 690 3228 aaa.)
1167 3154 1297 3214 tomos.

173 3235 333 3264 Μ
1170 3235 1302 3268 Μ.

540 3299 820 3368 Testimonium.

130 3407 181 3460 lice
210 3403 399 3462 testimonium
430 3411 616 3462 academicum
647 3426 697 3479 pro
728 3409 764 3461 M.
791 3409 900 3462 Simone
924 3408 1046 3478 Leupold
1071 3409 1226 3460 Pretinensi
1249 3411 1299 3460 Vir

161 3495 230 3552 Olet.
257 3495 305 3548 Ge.
331 3496 393 3548 Chr.
418 3497 492 3550 reid.
512 3497 593 3549 Liscb
618 3498 647 3548 in
671 3497 781 3563 lligenii
807 3495 1051 3565 Ephemeridibus:
1078 3494 1236 3546 notissimis
1254 3495 1298 3546 ltir

161 3583 203 3634 die
223 3584 389 3636 histor-tocho
408 3585 571 3650 Theologie‚
592 3585 656 3634 anni
678 3584 751 3636 teti.
773 3583 900 3650 (Leipzig
915 3581 988 3636 1841.
1007 3580 1064 3646 8⁰.)
1085 3580 1152 3632 laec.
1168 3582 1189 3630 l.
1211 3581 1296 3632 nr.11.

157 3686 183 3740 p.
195 3671 320 3723 ott-62.
341 3687 404 3736 cum
419 3671 506 3737 largis
518 3671 723 3736 Prologomenis
743 3669 784 3738 (p.
799 3668 933 3732 55-59.)
956 3683 990 3718 ex
1010 3668 1180 3738 autographo
1196 3667 1297 3720 Melan·

160 3756 287 3809 cbtbcnis
314 3757 354 3807 ita
378 3758 531 3823 evulgavit,
557 3772 617 3808 cum
644 3756 768 3807 omnibns
793 3755 883 3805 lituris
903 3770 934 3804 ac
952 3753 1044 3805 verbis
1062 3753 1105 3805 vel
1124 3754 1236 3804 mutatis
1254 3747 1297 3804 vel

158 3846 263 3905 tantum
279 3849 415 3912 exparte
441 3843 559 3908 quadem
585 3843 722 3902 exaratis„
749 3849 862 3897 atvero
881 3843 972 3908 imago
999 3841 1082 3908 primi
1101 3841 1198 3909 scripti
1217 3855 1296 3906 prae-

160 3914 265 3980 beatur.
309 3927 365 3980 Hoc
390 3936 480 3980 antem
506 3930 565 3981 loco
590 3929 688 3980 iterum
714 3929 818 3992 editur,
845 3929 918 3980 sicut
945 3942 979 3977 ex
1004 3925 1049 3978 illo
1075 3925 1164 3992 primo
1191 3925 1296 3992 scripto

158 4014 272 4067 nitidius
292 4015 504 4068 exscribendum
523 4014 584 4067 luit.

142 4117 258 4179 Potivit
281 4119 415 4182 anobis
443 4119 664 4182 testimonium
693 4120 746 4180 de·
764 4119 832 4182 suis
861 4118 1004 4179 moribus
1036 4124 1068 4178 et
1091 4115 1208 4178 studiis
1232 4114 1295 4176 Ma-

74 4213 741 4314 gisterSimbnLupold11s²)pretinensis.
787 4222 820 4283 ld
845 4222 876 4282 ei
900 4241 1021 4283 summa
1045 4222 1211 4282 voluntate
1239 4220 1295 4281 im·

74 4317 260 4336 Ἣ

145 4376 168 4440 1)
192 4376 327 4444 iuve'sum]
358 4379 397 4428 sic
422 4379 450 4428 in
473 4377 526 4429 MS.
553 4379 670 4443 legitur,
701 4379 759 4430 sine
795 4376 876 4427 dubio
903 4376 1001 4426 calami
1025 4389 1115 4425 errore
1140 4390 1189 4441 pro
1213 4389 1296 4426 voce:

75 4461 173 4514 invisum
443 4459 445 4464 '

147 4551 172 4613 2)
195 4550 347 4618 Lupoldus]
367 4551 401 4605 M.
415 4551 506 4604 Simon
520 4551 677 4619 Leupoldas
695 4553 757 4620 ipse
776 4551 847 4600 lianc
865 4547 983 4600 nominis
1003 4546 1116 4597 iormam
1136 4548 1296 4601 emendavit

76 4624 108 4676 in:
125 4629 279 4701 Leupoldas.
