3152 5208
688 301 873 358 arraumx.
1315 282 1382 356 583

141 461 253 519 contra
273 454 501 521 Antichristum
525 474 716 520 conservare
738 462 832 536 atque
855 475 1074 538 propugnare,
1107 464 1173 520 turn
1207 474 1268 536 ego
1304 473 1382 519 sane

139 560 245 622 fateor
266 577 317 622 me
340 561 479 635 nescire,
503 561 579 638 quid
602 563 644 624 sit
667 562 809 624 doctrina
831 570 949 634 nostra,
975 561 1123 640 quidnam
1148 563 1293 640 perdere,
1307 561 1381 638 quid

140 678 365 730 conservares·
386 664 425 726 Et
448 679 507 744 ego
532 665 734 728 considerans
770 673 802 726 et
835 667 929 728 simul
952 672 1036 728 tuaur
1058 665 1306 742 appellationem
1341 665 1381 725 ad

140 765 285 828 divinum
308 767 459 833 iudicium
482 771 694 846 perpendens,
730 772 938 832 vehementer
973 775 1006 830 et
1028 769 1120 846 quasi
1151 771 1304 831 attonitus
1328 770 1382 829 ob-

139 872 301 944 stupesco.
346 870 465 933 Necte
489 890 593 935 coram
618 873 681 952 Deo
707 873 872 935 excusabit
905 875 985 950 baec
1009 873 1232 954 philosophica
1260 871 1381 933 veteris

139 973 255 1034 Adami
279 972 496 1036 ratiocinatio:
536 976 603 1054 Ego
626 977 674 1038 sic
696 993 758 1038 nou
782 976 879 1046 sensi,
904 972 1000 1037 habui
1022 991 1094 1036 mea
1116 974 1258 1044 consilia,
1293 973 1381 1035 volui

142 1090 271 1137 servare
294 1074 466 1139 doctrinam
496 1085 529 1139 et
551 1079 712 1142 Ecclesiae
736 1097 799 1140 nou
823 1095 1033 1155 corrumpere.
1078 1078 1153 1139 Nam
1176 1079 1302 1150 Petrus,
1326 1078 1381 1155 qui

139 1177 210 1238 Gal.
232 1179 260 1238 2.
284 1175 466 1257 obiurgatur
487 1197 544 1256 pro
568 1185 752 1256 corruptore
775 1180 937 1243 doctrinae
961 1181 1184 1264 evangelicae,
1214 1181 1308 1244 etiarn
1334 1183 1382 1245 sic

138 1298 205 1340 uon
228 1280 397 1352 sentiebat,
421 1287 453 1343 et
474 1284 612 1345 habebat
633 1300 724 1344 suum
746 1284 829 1344 lorte
852 1282 1030 1358 consilium,
1066 1283 1153 1344 Deus
1188 1291 1292 1344 autem
1330 1300 1379 1344 se·

140 1384 276 1444 cundum
300 1399 366 1444 rem
390 1385 491 1463 ipsam
515 1387 679 1459 iudicabit,
702 1390 734 1446 et
755 1406 818 1450 non
841 1390 876 1450 ul
898 1385 970 1462 quis
994 1385 1128 1464 putavit,
1151 1386 1279 1448 tametsi
1304 1385 1379 1462 quid

138 1492 177 1546 tu
198 1487 361 1564 putaveris
383 1493 436 1550 aut
459 1489 600 1552 senseris
623 1491 663 1551 de
685 1489 751 1552 illis
767 1488 956 1562 actionibus,
979 1506 1078 1568 saepe
1102 1507 1141 1553 ex
1164 1492 1227 1552 imo
1249 1495 1380 1566 pectore

140 1590 355 1668 ingemiscens
378 1592 454 1654 mibi
477 1599 510 1658 et
530 1592 605 1656 aliis
628 1595 691 1656 imo
716 1597 747 1654 et
770 1595 802 1656 in
826 1595 955 1671 scriptis
978 1595 1144 1657 coufessus
1168 1610 1213 1655 cs.

227 1732 380 1804 Quantum
416 1733 465 1796 sic
498 1735 581 1811 quod
609 1733 649 1792 de
673 1730 816 1812 Epistola
839 1731 877 1793 ad
901 1733 1046 1796 Saxones
1076 1734 1200 1805 scribis,
1234 1750 1314 1810 quae
1353 1734 1383 1796 si

139 1833 199 1896 tibi
223 1835 355 1896 molesta
378 1843 437 1907 est,
459 1841 629 1915 propterea
652 1836 737 1913 quod
759 1837 871 1898 multas
886 1838 1033 1913 querelas
1057 1837 1097 1898 de
1110 1837 1228 1900 vestris
1252 1837 1381 1900 iniuriis

141 1939 293 2008 continet,
318 1938 424 2016 cogita
447 1945 562 2017 quanto
586 1941 716 2018 gravius
739 1937 847 2008 luerit,
873 1956 928 2000 eas
952 1940 1088 2003 iniurias
1110 1942 1221 2016 partim
1245 1940 1382 2020 singulis

141 2041 335 2104 bominibus*
350 2041 465 2120 partim
490 2041 549 2104 toti
559 2042 724 2104 Ecclesiae
749 2043 873 2103 anobis
896 2043 1000 2104 illatas
1023 2045 1158 2120 perpeti.
1193 2045 1280 2106 Nihil
1305 2063 1380 2108 sane

142 2146 224 2208 mibi
249 2163 318 2208 sum
341 2148 487 2208 conscius
502 2227 505 2230 ,
522 2146 567 2208 ibi
590 2145 664 2208 falsi
687 2146 882 2208 confinxisse
904 2151 957 2208 aut
979 2147 1173 2210 calumniose
1195 2148 1381 2213 detorsisse.

139 2249 216 2310 Nam
241 2251 325 2325 quod
348 2251 455 2312 scribis
480 2250 519 2310 de
542 2249 697 2310 Versibus
720 2250 889 2310 asellorum
925 2249 984 2308 iam
1023 2249 1069 2310 bis
1106 2251 1248 2312 aVobis
1273 2251 1380 2323 editis,

138 2369 298 2431 nunquam
311 2354 421 2415 audivi
435 2361 467 2415 te
481 2349 582 2414 invito
595 2369 670 2414 esse
682 2354 860 2429 evulgatos,
874 2357 906 2412 ei
920 2355 1080 2415 sententia
1095 2371 1201 2416 corum
1215 2355 1383 2418 manifesta

141 2463 206 2517 est.
248 2458 297 2518 De
320 2457 495 2532 philomela
519 2459 699 2534 persuasus
720 2475 738 2518 a
761 2457 949 2532 quibusdam
971 2457 1103 2528 fueram,
1126 2464 1159 2520 te
1183 2457 1283 2519 invito
1308 2473 1382 2520 esse

140 2557 270 2632 editam,
294 2562 458 2632 sednunc,
481 2562 563 2622 iacto
585 2561 726 2622 secunda
746 2561 958 2634 impressione
981 2561 1014 2622 in
1029 2567 1113 2622 tomo
1138 2561 1381 2631 intimatiouum,

138 2683 203 2723 non
226 2666 362 2740 amplius
386 2665 490 2726 credo.
538 2667 583 2726 Ad
607 2668 687 2726 haec
720 2662 896 2726 necessitas
934 2681 992 2724 nos
1021 2663 1094 2742 ipsa
1128 2665 1253 2726 taudem
1276 2671 1381 2741 coget,

140 2768 172 2826 si
195 2769 323 2828 omuino
346 2769 433 2828 nulle
456 2769 510 2845 pia
533 2776 566 2828 et
590 2767 680 2828 utilis
704 2767 872 2829 concordia
907 2784 926 2827 a
949 2768 1047 2830 Vobis
1078 2769 1240 2845 impetrari
1263 2770 1380 2844 potest,

139 2873 176 2930 ut
212 2871 379 2948 aliquando
403 2888 458 2932 eas
496 2875 529 2931 et
564 2874 676 2933 multas
699 2872 951 2948 aliasrpuerelas
980 2870 1108 2948 publice
1131 2871 1381 2934 EcclesiaeDei

141 2990 367 3051 proponamus,
393 2993 455 3052 quo
470 2977 522 3035 vel
547 2977 594 3036 sic
617 2982 753 3036 nostram
777 2975 989 3036 innocentiam
1014 2981 1236 3053 protestamur,
1248 2977 1382 3036 Vestrae

142 3078 175 3138 in
199 3095 258 3139 nos
282 3077 431 3148 iniuriae,
455 3077 570 3155 quibus
593 3085 749 3155 perpetuo
783 3095 802 3137 a
824 3079 923 3140 Vobis
954 3078 1136 3166 allicimur,
1152 3079 1314 3156 patefiant,
1349 3085 1382 3138 et

141 3183 204 3243 Vos
227 3179 374 3243 nonnihil
411 3182 657 3242 amolestandis
680 3179 754 3242 aliis
778 3182 993 3243 constantibus
1016 3179 1182 3242 Ecclesiae
1205 3180 1265 3242 Dei
1289 3179 1381 3242 mini-

140 3287 215 3346 stris
238 3293 311 3362 post
334 3286 416 3346 alios
439 3286 663 3346 deterreamus
698 3286 762 3346 lam
785 3284 853 3345 iere
875 3285 1092 3347 totallarchia
1115 3283 1382 3346 constantioribus

138 3389 326 3450 Doctoribus
350 3389 488 3465 spoliata
510 3392 569 3448 est.
623 3386 950 3465 Eademrepurgatio
973 3393 1005 3448 'et
1034 3388 1066 3448 in
1089 3385 1201 3448 blisuia
1219 3386 1266 3456 fit,
1298 3386 1381 3449 lacto

139 3490 232 3554 initio
257 3492 332 3553 inde
355 3507 373 3551 a
398 3491 546 3553 Gabriele
571 3492 634 3552 viro
659 3491 746 3553 serio
770 3498 803 3552 et
825 3496 988 3556 constante
1013 3493 1146 3552 etldoro
1170 3489 1311 3552 omnium
1336 3489 1383 3549 le·

139 3595 271 3656 pissimo
294 3611 330 3656 ac
353 3597 528 3656 vanissimo
552 3598 583 3656 in
609 3595 679 3656 eius
702 3598 807 3656 locum
829 3594 959 3656 homine
983 3598 1164 3671 subrogato.
1193 3593 1380 3668 Ubicunque

138 3701 216 3758 ve'ro
239 3699 312 3760 tulis
336 3697 452 3774 aliquis
474 3699 573 3759 miser
595 3697 733 3769 Stoicus,
754 3699 785 3759 in
801 3715 861 3774 quo
886 3697 1006 3774 aliquid
1029 3694 1093 3759 zeli
1117 3700 1176 3766 est,
1201 3695 1380 3772 opprimen-

139 3803 198 3864 dus
224 3810 281 3873 est,
305 3809 337 3862 tu
360 3817 433 3863 mox
458 3817 496 3862 eo
520 3801 705 3882 accerseris,
714 3807 831 3878 tuaque
853 3802 892 3863 ad
914 3817 988 3862 euru
1010 3799 1249 3879 opprimendum
1273 3799 1384 3860 autho·

138 3909 217 3968 ritas
241 3907 418 3967 adhibetur.
463 3907 525 3966 lam
549 3907 655 3984 cogita
677 3912 822 3976 tutemet,
846 3907 878 3966 si
898 3904 947 3966 sic
965 3904 1196 3967 constantiores
1219 3921 1256 3964 ac
1278 3902 1381 3962 zelum

139 4008 286 4071 ¹veritatis
304 4010 461 4072 babentes
485 4010 633 4071 doctores
671 4025 711 4068 ex
733 4007 882 4070 Ecclesia
903 4008 963 4070 Dei
998 4004 1268 4077 excribraveritis,
1305 4006 1381 4083 quid

139 4113 263 4173 tandem
289 4111 615 4188 reliquaearundincs
630 4111 853 4190 quovisvento
879 4111 1017 4191 'agitatae
1041 4109 1104 4171 sint
1126 4109 1381 4180 lactucae,etiam

139 4214 173 4275 si
195 4220 259 4278 tam
282 4216 394 4279 doctae
417 4216 543 4287 luerint,-
578 4235 615 4278 ac
642 4216 701 4277 ille
722 4215 908 4278 Homericus
930 4221 1028 4290 vates,
1062 4212 1117 4291 qui
1150 4213 1256 4275 omnia
1278 4209 1383 4289 scivit,

137 4335 218 4394 quae
242 4318 316 4393 sint,
343 4335 426 4396 quac
448 4317 574 4389 luerint,
595 4336 676 4396 quae
700 4335 773 4380 mox
797 4325 928 4380 ventura
949 4318 1122 4378 trahantur.

224 4440 357 4499 Demum
379 4442 446 4498 tota
470 4437 525 4498 illa
545 4437 691 4513 Epistola
714 4453 753 4497 co
777 4437 897 4498 directa
914 4443 979 4506 est,
1001 4443 1036 4497 ut
1060 4435 1204 4512 impellat
1226 4434 1380 4506 Saxones,

141 4549 180 4602 ut
202 4530 430 4604 mediationem
447 4553 513 4601 'seu
535 4539 787 4615 pacificationem
810 4542 892 4602 inter
913 4557 971 4601 nos
993 4543 1134 4600 tentent:
1167 4543 1204 4600 ut
1227 4541 1321 4600 etiam
1352 4539 1382 4600 si
