3084 5208
613 319 858 371 suri’uuheura
878 321 1054 374 1111111131.

680 521 827 623 ANNO
851 525 987 623 tutto

218 701 286 760 rau.
320 699 499 759 notaria.
545 696 676 780 (ran.
701 697 830 780 prou.)
1319 704 1456 818 Q.

325 785 479 814 M

388 880 502 948 Muri.
530 882 702 947 Bucerus
734 877 785 947 ad
810 875 904 948 Pttt.
933 876 1273 950 Metoaouttoaem.

282 1009 323 1060 Ex
342 1011 503 1078 apographo
523 1009 702 1062 Simlerianae
722 1010 893 1061 collectionis
913 1009 1060 1074 Tigurinae
1080 1008 1121 1075 (S.
1143 1009 1210 1064 nso.
1230 1008 1296 1076 eb).

604 1127 764 1213 Philippo
795 1127 1057 1200 Melanchthum'.

297 1252 407 1313 ‘Gratia
431 1261 461 1312 et
484 1251 616 1313 PanVir
639 1251 827 1312 doctissime
852 1259 881 1310 ct
906 1251 1120 1326 pientissime.
1157 1251 1230 1312 Dici
1252 1269 1313 1312 non
1338 1257 1457 1328 potest,

214 1364 249 1416 nt
275 1372 328 1416 me
357 1363 432 1416 tuae
463 1355 581 1416 literae
610 1344 826 1416 eahttaiartnt.
879 1355 954 1414 Nom
989 1370 1071 1428 clune
1100 1355 1167 1414 'lua
1187 1354 1366 1438 l'rudenlia
1400 1362 1457 1422 est,

214 1442 384 1524 otbtt'tata
408 1462 451 1522 'le
472 1459 658 1520 moliturum
679 1458 766 1527 scie,
790 1458 818 1518 si
841 1477 903 1520 nen
929 1454 1478 1538 (111111111111111’115115Β.1111111151)ι

214 1563 353 1624 animum
377 1563 424 1624 sic
447 1565 584 1630 nabere,
609 1570 643 1621 ut
667 1579 684 1621 a
707 1570 772 1622 tant
796 1569 923 1630 sanctu,
955 1575 1014 1620 neo
1028 1561 1142 1622 'miuus
1166 1561 1356 1622 necessaria
1382 1563 1458 1620 Con-

214 1665 322 1728 cordia
346 1665 476 1727 minime
502 1667 677 1726 abhorreat.
713 1665 814 1742 Perge
840 1680 916 1740 ergo
941 1667 1003 1724 hoe
1028 1663 1192 1734 institute,
1218 1663 1261 1723 'le
1285 1681 1347 1742 per
1373 1662 1457 1724 utui-

216 1779 298 1833 stum
322 1774 472 1831 obsecro:
498 1769 664 1828 devincies
690 1768 742 1828 hic
764 1769 909 1844 prolecto
927 1767 999 1827 Tibi
1013 1768 1197 1829 uniuersam
1214 1767 1336 1828 Christi
1350 1768 1458 1828 Eccle-

216 1875 296 1936 siam
333 1887 373 1933 eo
405 1873 579 1942 beneficio,
615 1879 651 1930 ut
689 1872 773 1931 haud
810 1871 905 1931 facile
943 1887 1042 1945 queas
1079 1872 1210 1933 maiore.
1269 1871 1459 1932 Annitarmu·

214 1978 401 2045 Blaurerus‚
433 1992 509 2056 ego,
539 1983 570 2035 et
601 1974 659 2035 olii
691 1974 841 2051 plerique
871 1991 927 2050 pro
960 1991 1087 2044 summa
1110 1975 1215 2045 uirili,
1253 1991 1293 2034 ne
1327 1978 1369 2034 ab
1402 1975 1459 2032 huo

214 2087 304 2156 parte
335 2079 647 2155 quicquamobstet.
706 2080 730 2136 Ο
764 2081 876 2138 beatos
908 2097 983 2148 noo,
1015 2077 1044 2138 si
1075 2095 1208 2153 quorum
1239 2093 1329 2154 spem
1362 2078 1457 2155 plane

213 2203 276 2244 non
300 2183 428 2244 dubiem
452 2182 549 2253 lucis,
573 2181 674 2258 potiri
697 2181 797 2241 detur.
843 2181 1023 2258 Epistulam
1046 2187 1148 2251 tuom,
1182 2199 1245 2256 qua
1269 2182 1364 2242 uobis
1390 2197 1458 2239 sen-

212 2285 346 2350 tentiam
370 2297 508 2350 uestrum
539 2287 579 2347 de
608 2287 718 2348 officio
746 2285 951 2363 Magistratus
964 2285 988 2368 ²)
1020 2286 1052 2345 iu
1085 2301 1158 2356 θος,
1192 2287 1247 2360 qui
1276 2284 1456 2348 Ecclesium

214 2393 439 2471 pestilentibus
464 2392 628 2470 exagitant
649 2390 834 2468 Dogmatis‚
861 2397 892 2450 et
916 2393 1081 2468 eleganter
1103 2391 1307 2466 *exposuistm
1333 2399 1368 2452 et
1384 2405 1455 2450 cou-

213 2497 372 2558 firmatiss.
397 2496 558 2574 probasti,
583 2494 712 2571 accepi,
739 2500 771 2554 et
791 2511 854 2555 non
874 2495 968 2556 modo
991 2502 1115 2563 nostro,
1147 2495 1201 2554 sed
1225 2503 1257 2554 ut
1277 2493 1456 2554 vicinarum

213 2600 430 2663 licolesiorum
458 2617 574 2677 magno
607 2599 780 2660 commodo.
839 2599 959 2659 Verum
987 2600 1069 2660 haec
1098 2597 1318 2669 rintehamxni
1350 2597 1454 2662 fallor,

213 2705 286 2766 'libi
300 2703 491 2782 significavi.
522 2685 722 2780 Responsum
735 2708 823 2762 tuum
838 2702 877 2762 ad
891 2701 979 2778 pium
995 2701 1086 2762 illurn
1099 2701 1211 2762 Virum
1225 2703 1259 2763 D.
1272 2704 1456 2778 pangaeum

214 2807 297 2885 legi,
324 2815 355 2868 et
378 2807 541 2868 subscribo
564 2805 635 2866 ribi
667 2805 700 2866 in
724 2805 880 2866 omnibus
933 2806 1010 2866 Nam
1043 2806 1105 2866 etsi
1134 2804 1338 2883 perdifficilis
1370 2803 1455 2863 vide-

214 2916 284 2970 atur
308 2908 501 2985 priuatarum
521 2908 688 2973 Missurum
711 2907 878 2980 defensio,
902 2925 970 2968 oum
997 2909 1083 2983 qaod
1107 2908 1188 2969 adeo
1212 2923 1282 2969 cum
1306 2908 1454 2970 instituto

214 3011 334 3072 Christi
357 3013 441 3072 male
465 3010 672 3081 convenient,
704 3017 770 3072 tum
795 3012 880 3086 quod
910 3026 1014 3088 aegre·
1031 3012 1079 3071 sio
1103 3018 1221 3086 queant
1244 3010 1392 3080 institui,
1424 3013 1456 3067 ut.

103 3113 105 3117 ’
213 3115 351 3176 fiduciae
374 3117 529 3194 Operum,
555 3131 594 3175 ex
618 3133 680 3190 qua
702 3121 795 3176 natae
822 3123 908 3184 sunt,
933 3133 995 3175 non
1021 3135 1147 3177 rursum
1165 3115 1323 3176 serviunt:
1348 3123 1454 3177 tumen

212 3217 356 3288 uidetur,
390 3237 454 3280 uon
492 3219 585 3279 modo
622 3218 673 3278 his
704 3217 792 3278 Viris
823 3221 977 3280 hactenus
1009 3219 1259 3288 eoncedendum,
1293 3219 1352 3278 sed
1383 3218 1454 3277 illus

213 3321 311 3383 etium
344 3337 382 3381 ea
412 3321 687 3398 praescriptione,
726 3337 820 3396 quum
850 3321 961 3397 ponis,
999 3321 1076 3382 ferri
1107 3326 1221 3398 posse,
1259 3321 1288 3380 si
1317 3322 1454 3395 reliqua,

164 3493 165 3496 Ἴ
215 3441 297 3498 quae
321 3425 476 3500 postulas,
501 3423 640 3484 obtineri
671 3422 702 3482 in
725 3423 910 3484 universum
934 3424 1143 3501 contingeret.
1189 3421 1384 3494 luceteris,
1415 3435 1453 3480 nc

212 3526 370 3588 tantillum
396 3526 526 3602 quidem
551 3534 615 3596 est,
645 3527 685 3587 ad
709 3527 793 3601 quod
817 3525 936 3587 offendi
960 3543 1058 3603 posse
1085 3544 1141 3588 eos
1168 3535 1293 3606 putem,
1324 3527 1382 3602 qui
1405 3524 1452 3584 vel

213 3629 418 3700 rnediocriter
448 3630 486 3690 ad
518 3631 660 3708 Regnum
692 3629 812 3690 Christi
843 3630 982 3694 instituti
1013 3637 1094 3694 sunt
1148 3633 1205 3696 llla
1230 3647 1359 3708 quoque
1382 3628 1454 3708 περὶ

213 3729 417 3808 διϊαιοσύνης
440 3732 619 3794 moderatio
643 3732 787 3807 proderit
810 3732 941 3794 indubie
965 3733 1144 3810 plurimum.
1192 3737 1218 3795 A
1243 3733 1383 3812 cofflritis
1408 3730 1454 3789 sio

213 3835 308 3896 lacile
340 3836 378 3897 ud
410 3835 573 3914 incognita
603 3836 802 3898 inducentur·
854 3837 929 3897 Cum
960 3833 1071 3912 itaque
1103 3836 1258 3899 Dominus
1282 3837 1388 3906 dedit,
1420 3839 1453 3893 ut

212 3941 309 4015 plene
340 3955 398 4015 per
428 3939 534 4000 omnia
564 3939 656 4000 nobis
685 3946 747 4000 tam
778 3941 912 4016 pulchre
940 3922 1125 4010 conveniat,
1157 3943 1222 4010 luc,
1248 3940 1339 4014 ¹quod
1362 3937 1453 4002 lacis,

212 4041 270 4102 Vir
293 4042 430 4118 optime,
456 4042 591 4104 excinde
615 4037 757 4104 funditus
780 4042 911 4105 dissidii
927 4041 1016 4104 illius
1033 4043 1295 4122 pestilentissimi
1310 4059 1450 4106 caussas,

214 4152 246 4204 et
270 4131 298 4218 si
321 4153 434 4223 potes,
458 4154 587 4207 mature.
634 4145 731 4208 Instat
757 4145 841 4208 enim
863 4163 945 4207 nunc
968 4147 1048 4207 lauti
1073 4145 1316 4226 Principutus³)'
1342 4147 1450 4206 Reior-

214 4281 420 4293 ..w——

212 4357 215 4364 ¹
301 4368 327 4432 1)
354 4369 423 4421 Nota
442 4368 563 4421 Simleri:
592 4371 716 4422 Lutheri.

299 4455 326 4518 2)
351 4453 495 4520 <simlerus
515 4457 686 4522 adnotavlt:)
712 4457 849 4510 Huberlus
868 4459 895 4507 in
914 4458 1050 4523 margine:
1075 4457 1199 4524 Epistola
1219 4459 1251 4510 de
1271 4457 1446 4524 Magistrum:

213 4541 291 4594 Multi
310 4547 373 4592 suut
394 4547 445 4592 etc.
469 4579 475 4591 .
498 4581 503 4591 .
526 4579 532 4592 .
570 4543 711 4596 Dominiou
730 4543 858 4595 Laetare.

168 4627 173 4634 '
283 4627 328 4693 jd)
354 4627 624 4694 wurceburgensis.
