3152 5208
167 320 236 391 582
616 331 620 340 '
684 341 873 396 terrama.

163 494 305 576 Begensi
328 503 487 559 conventu
509 497 651 560 indicavi
673 497 768 558 etiam
790 515 902 576 nuper,
927 501 985 562 sed
1008 510 1159 582 repetam.
1205 502 1273 566 Scis
1303 509 1337 563 to
1375 507 1409 562 et

166 601 245 664 alios
269 602 420 677 quosdam
456 602 502 662 ibi
536 618 605 663 cum
628 599 803 680 Episcopis
827 601 954 664 cicensi
978 613 1009 668 et
1031 605 1186 668 Misnensi
1220 606 1261 666 de
1283 602 1410 666 ratione

166 703 358 768 conciliandi
381 703 507 766 articuli
531 703 771 766 iustificationis
795 707 1002 779 consultasse,
1038 726 1075 770 aa
1097 709 1223 770 tandem
1253 726 1310 783 pro
1335 707 1409 768 eius

166 805 320 886 colloquii
343 808 551 868 conclusione
575 807 715 872 bobendon
727 807 883 881 quoddam
908 809 1089 887 scripsisse,
1111 809 1143 872 in
1166 829 1228 886 quo
1252 813 1314 872 hae
1337 815 1411 871 sunt

166 914 237 976 eius
250 911 375 974 articuli
392 912 603 989 corruptelae,
619 909 773 987 particula
783 910 852 973 sota
865 910 1025 988 obiicitur,
1042 915 1307 990 contraponitur:
1331 915 1410 994 gtrldp

165 1020 209 1081 alt
223 1033 310 1082 merea
331 1017 381 1080 tait
402 1017 471 1090 aldit
495 1017 695 1093 lotaemlldr
725 1017 801 1090 butdr
826 1015 961 1094 atatam
984 1021 1092 1098 paradi,
1115 1017 1288 1078 admittitur
1312 1019 1410 1078 inter-

167 1119 304 1199 pretatio
328 1116 488 1196 papistica
511 1117 586 1179 dicti
608 1117 747 1180 Paulini:
771 1117 847 1178 Fide
871 1117 1092 1193 iustificamur,
1118 1121 1223 1182 idest
1247 1121 1340 1181 Fides
1357 1126 1409 1181 est

165 1223 289 1286 initium
303 1230 335 1283 et
346 1219 548 1302 praeparatio
566 1228 625 1282 etc.
650 1221 737 1293 Quae
760 1223 938 1300 corruptela
962 1225 1057 1286 etiam
1080 1224 1113 1286 in
1128 1225 1253 1300 Lipsiae
1278 1226 1411 1284 Interim

167 1332 216 1390 est
249 1333 282 1388 et
316 1327 347 1388 in
371 1323 645 1414 propositionibus
669 1323 804 1386 lsinderi
834 1333 913 1402 erat,
948 1329 1010 1406 sed¹
1031 1325 1283 1407 expungebatur.
1329 1325 1412 1387 lllud

164 1429 459 1512 Begenscbcbeadta
480 1433 614 1489 tutemet
626 1426 706 1487 mihi
731 1427 764 1488 in
781 1443 904 1492 manum
929 1429 1058 1502 dedisti,
1071 1431 1272 1507 iussistique‚
1293 1437 1329 1490 ut
1354 1427 1414 1490 tibi

166 1537 286 1614 aliquot
309 1531 506 1608 exemplaria
528 1530 668 1592 describi
692 1547 844 1603 curarem,
879 1533 962 1608 quod
1001 1539 1033 1595 et
1064 1534 1139 1604 feci,
1173 1534 1412 1614 restituensque

166 1642 207 1701 do
230 1639 296 1700 illis
320 1635 503 1712 corruptelis
526 1641 630 1695 tecum
655 1651 758 1695 coram
781 1638 1000 1712 expostulavi,
1024 1636 1108 1715 quod
1132 1645 1195 1699 tant
1219 1644 1305 1696 certo
1330 1634 1412 1704 scio,

167 1761 204 1805 ae
225 1740 361 1803 ruciam
385 1739 448 1802 ista
468 1739 507 1798 ad
530 1742 563 1798 te
586 1738 735 1800 scribere.
779 1739 825 1798 Ac
848 1745 922 1800 sunt
944 1739 1000 1801 alii
1022 1739 1112 1800 multi
1136 1739 1233 1801 etiam
1256 1738 1354 1801 hodie
1377 1737 1411 1798 in

169 1844 270 1916 Vivis,
295 1843 349 1919 qui
374 1842 518 1905 eiusdem
541 1840 654 1920 scripti
678 1842 876 1919 exemplaria
897 1859 917 1902 a
938 1851 972 1904 te
994 1851 1196 1921 acceperunt.

252 1946 404 2009 Doctrina
440 1946 480 2006 de
503 1943 704 2022 poenitentia
737 1946 788 2005 vel
818 1945 953 2007 maxime
983 1921 1032 2008 est
1070 1949 1103 2010 in
1126 1947 1257 2024 Lipsiae
1281 1944 1413 2006 lnterim

168 2053 325 2127 corrupta,
354 2066 427 2109 nam
450 2049 601 2110 reticetur
628 2046 661 2108 in
686 2061 726 2108 ea
747 2047 838 2118 fides,
874 2047 957 2110 sieut
994 2054 1027 2108 et
1064 2049 1098 2111 in
1120 2067 1183 2112 usu
1221 2047 1415 2110 sacramenti

169 2168 303 2224 coenae,
328 2159 360 2212 et
383 2159 491 2212 contre
511 2147 660 2212 adiicitur
682 2151 863 2212 satisfactio
888 2154 1023 2214 obscura
1046 2168 1128 2214 voce
1151 2153 1293 2230 anteacta,
1331 2167 1415 2228 quae

169 2259 273 2316 tamen
298 2259 412 2332 postca
433 2269 492 2330 per
513 2268 611 2313 voces
636 2255 719 2332 petet,
742 2255 833 2332 [attat
856 2258 910 2317 aab
932 2256 1071 2334 olmupca,
1095 2271 1182 2316 more
1206 2272 1334 2332 prorsus
1357 2269 1414 2327 pe·

167 2360 297 2439 pistico,
320 2359 506 2420 declaratur.
550 2356 645 2417 Soles
678 2364 712 2418 tu
735 2371 811 2424 vero
842 2359 895 2417 val
919 2358 1056 2420 maxime
1083 2375 1123 2420 eo
1144 2357 1271 2420 nomine
1295 2355 1413 2418 doctri·

168 2481 240 2524 nam
253 2467 393 2524 nostram
415 2442 614 2538 praedicare,
637 2461 719 2537 quod
743 2459 776 2521 in
801 2475 840 2522 ea
864 2460 904 2522 sit
927 2462 1131 2536 poenitentia
1152 2461 1208 2540 pie
1230 2477 1267 2521 ac
1288 2457 1415 2520 utiliter

169 2570 277 2626 contra
298 2563 475 2642 papisticus
498 2564 595 2625 tricas
620 2570 651 2623 ct
675 2565 785 2640 spinas
818 2562 985 2641 explicata.
1030 2566 1095 2626 lmo
1133 2564 1189 2629 illa
1222 2572 1276 2626 tua
1312 2563 1414 2624 totius

169 2666 408 2746 Adiaphorismi
431 2666 518 2728 basis
543 2674 574 2727 et
598 2666 815 2745 llypothesis‚
838 2670 1031 2731 tolerandam
1055 2685 1129 2730 esse
1152 2667 1290 2744 aliquam
1313 2666 1416 2726 servi-

169 2777 270 2831 tutem
292 2759 362 2830 cum
386 2768 583 2831 Antichristo
605 2774 736 2846 propter
757 2787 882 2847 pacem,
917 2770 1090 2849 corrumpit
1113 2772 1285 2841 doctrinam
1309 2771 1349 2830 dc
1373 2770 1415 2830 li-

171 2877 294 2936 bertate
316 2873 508 2944 christiana,
542 2873 583 2936 de
606 2873 818 2948 consessione,
856 2882 888 2936 et
912 2875 952 2936 de
976 2876 1122 2938 mandato
1145 2875 1224 2936 Dei:
1263 2873 1357 2935 Exite
1395 2889 1417 2934 e

169 2978 339 3054 Babylone.
385 2977 463 3038 llam
486 2995 549 3038 non
572 2983 682 3052 potest
703 2977 775 3038 fieri
808 2977 990 3041 conciliatio
1015 2997 1085 3042 cum
1107 2978 1242 3056 papistis
1270 2978 1302 3039 in
1325 2993 1414 3038 aare·

171 3079 300 3151 moniis,
323 3082 387 3143 nisi
409 3082 496 3157 prius
511 3083 552 3141 ·in
574 3080 717 3142 doctrina
739 3081 948 3144 consentiant.
993 3084 1050 3145 list
1072 3083 1105 3144 in
1117 3081 1247 3160 Lipsica
1268 3082 1415 3150 formula,

171 3186 255 3261 quod
290 3183 441 3261 quicquid
463 3183 607 3246 Ecclesia
644 3186 677 3247 in
699 3185 762 3249 fide
798 3183 990 3248 ordinaverit
1013 3193 1072 3247 etc.
1109 3185 1141 3246 id
1166 3187 1208 3247 sit
1232 3184 1416 3246 tenendum.

171 3290 248 3350 ltem
271 3288 449 3350 restituitur
486 3286 666 3349 iurisdictio
693 3305 796 3366 papae
820 3297 853 3348 et
875 3289 1044 3367 Episcopis
1069 3289 1153 3356 cius.
1197 3289 1319 3361 Quaero
1354 3283 1416 3361 igi-

171 3399 231 3462 tur,
254 3407 294 3452 au
316 3373 378 3452 non
402 3389 458 3451 illa
480 3397 600 3452 certum
625 3406 720 3452 verae
744 3409 781 3453 ac
804 3392 949 3454 sincerae
973 3394 1136 3454 doetrinae
1162 3391 1325 3454 interilum
1347 3408 1413 3450 non

171 3495 263 3554 modo
287 3494 487 3572 portendant,
512 3495 569 3558 sed
594 3494 690 3556 etiam
715 3497 945 3573 inpraesentia
967 3493 1125 3558 afferant?
1168 3496 1284 3556 lterum
1308 3501 1341 3554 te
1365 3493 1419 3554 hic

170 3599 210 3658 ed
232 3605 317 3660 tuam
331 3597 561 3660 conscientiam
587 3617 678 3670 voco,
701 3607 736 3660 ut
759 3602 916 3679 sepositis
939 3601 1082 3666 nonnihil
1104 3599 1224 3678 rapidis
1249 3597 1418 3658 affectibus

172 3718 224 3763 res
247 3707 350 3763 tantas
372 3703 421 3764 uti
444 3709 527 3773 sunt,
562 3709 684 3765 attente
708 3703 793 3764 etin
816 3704 929 3766 timore
950 3705 1012 3765 Dei
1035 3701 1209 3766 mediteris.
1255 3702 1332 3775 Quid
1371 3702 1420 3762 in·

173 3820 270 3880 super
293 3803 332 3864 de
356 3802 413 3864 illo
437 3805 592 3876 dicemus,
617 3807 700 3882 qued
724 3805 879 3885 Episcopi
916 3805 1048 3883 Lipsiae
1084 3807 1115 3868 in
1140 3805 1266 3880 publiea
1288 3804 1419 3868 actione

173 3906 278 3984 palam
300 3906 470 3984 protestati
492 3913 564 3968 sunt
599 3925 635 3968 se
669 3911 718 3970 sic
754 3909 896 3973 Vestram
918 3909 1083 3996 formulam
1120 3924 1179 3968 sea
1200 3909 1349 3973 detrudat
1387 3913 1422 3966 et

173 4008 281 4087 ipsum
304 4011 441 4072 animum
466 4011 651 4088 intelligere
675 4019 708 4072 et
731 4013 890 4088 accipere,
923 4011 1009 4088 quod
1033 4029 1103 4072 oum
1125 4013 1312 4090 augustano
1336 4010 1421 4069 lnte-

171 4115 232 4179 rim
256 4113 290 4174 in
314 4129 410 4174 sensu
433 4115 529 4190 plane
554 4117 734 4189 conveniat,
758 4124 791 4178 et
810 4116 894 4194 quod
926 4114 1000 4176 istic
1022 4114 1119 4188 nimis
1141 4116 1285 4176 breviter
1308 4114 1423 4173 obscu-

174 4221 413 4298 requedictum
438 4223 534 4291 esset,
556 4219 588 4280 id
613 4219 689 4280 inde
712 4217 1010 4296 interpretationem
1033 4234 1119 4281 suam
1143 4211 1325 4294 acciperet?
1364 4216 1426 4275 Cui

174 4322 401 4403 protestationi
423 4340 516 4386 nemo
542 4322 750 4393 contradixit,
787 4324 845 4384 sed
868 4323 933 4383 Vos
955 4322 1072 4382 Vestro
1098 4338 1168 4384 eam
1192 4322 1322 4382 silentio
1347 4337 1424 4379 con-

173 4430 329 4494 firmastis.
376 4429 461 4490 ldem
496 4434 528 4488 ct
556 4425 692 4489 lslebius
729 4443 833 4488 coram
872 4425 978 4489 multis
1001 4423 1267 4512 principiorem
1292 4422 1424 4500 publica

176 4532 303 4606 actione
327 4532 367 4596 de
390 4532 504 4592 Vestra
523 4531 760 4606 luterbaccepsi
781 4528 921 4603 actione,
953 4529 1141 4612 oblatoque¹
1157 4528 1280 4619 duobus
1303 4524 1428 4583 electo-

181 4633 272 4693 ribus
295 4635 409 4695 Vastro
432 4635 580 4702 debendae
602 4638 739 4694 testatus
764 4639 824 4696 est.
868 4631 936 4692 lloc
968 4632 997 4691 si
1033 4636 1082 4692 est
1117 4625 1291 4691 doctrinam
1313 4640 1427 4703 puram
