3102 5202
417 339 663 396 spontaneum
684 341 764 394 aum
787 343 932 396 luceam.
1245 325 1309 396 let

68 506 106 557 te
142 513 309 574 numquam
340 499 533 568 desideravi,
558 513 620 558 non
642 497 735 559 ualde
771 515 840 559 sum
863 499 1013 562 miratus:
1054 499 1110 562 illa
1132 501 1201 560 laus
1237 506 1311 560 tuae

68 599 310 678 aequabilitatis
341 601 441 679 magis
465 601 643 662 delectavit.
688 601 842 676 Exposuit
866 605 950 664 enirn
986 601 1064 664 mibi
1097 605 1138 663 de
1162 610 1194 662 te
1218 624 1308 686 στερ-

67 699 169 784 γόντα
188 699 334 786 παρόντα
359 703 381 786 ι)
411 711 443 764 et
466 711 548 766 tuam
573 719 699 778 operam
736 705 765 764 in
795 711 956 784 posterum
992 707 1086 767 etiarn
1111 705 1310 781 promisisse.

71 809 201 879 Quaeso
225 807 324 884 igitur
346 815 389 878 te,
411 815 444 868 ot
465 810 546 884 qnod
570 807 645 868 lacis
668 823 785 884 pergas
809 825 927 869 suntme
942 810 1006 868 fide
1021 807 1130 885 optimi
1142 809 1203 868 viri
1224 809 1308 868 lilios

68 909 200 980 docere,
224 909 304 986 quos'
326 927 420 988 spero
444 909 542 987 patris
566 910 689 970 similes
713 910 792 980 iore,
826 909 854 969 si
890 909 1110 987 praeceptoris
1139 908 1308 984 diligentia

62 1011 99 1071 in
124 1010 225 1088 patris
248 1027 354 1072 mores
375 1014 598 1074 formabuntur.
645 1014 727 1074 Cum
750 1029 769 1072 a
790 1011 911 1090 nuptiis
936 1011 1001 1072 Viti
1023 1010 1124 1072 nostri
1149 1009 1309 1094 (Winslne-

68 1111 144 1197 mii)
171 1129 211 1174 ex
232 1114 406 1193 Thuringia
429 1117 492 1176 buc
515 1117 681 1187 redissem,
711 1117 917 1177 vehementer
939 1122 1154 1176 consternatus
1177 1129 1245 1174 sum
1267 1129 1309 1176 ex

65 1217 151 1276 lama
184 1212 236 1278 ded
273 1213 310 1278 τὰ
347 1214 491 1300 κειμήλια
527 1219 598 1279 heri
630 1218 675 1279 tui
710 1235 792 1294 quae
821 1219 866 1280 ibi
892 1219 1034 1296 reposita
1057 1229 1131 1278 esse
1154 1218 1307 1278 sciebam.

65 1320 111 1379 Te
136 1321 238 1381 iacies
261 1321 339 1381 mihi
363 1329 500 1399 gratum,
537 1323 565 1383 si
595 1339 633 1384 ea
658 1323 754 1382 dere
784 1323 875 1382 milri·
892 1319 1061 1398 scripseris
1091 1323 1246 1398 quomodo
1271 1336 1306 1380 sc

65 1424 195 1485 babeat.
240 1425 290 1484 De
312 1428 365 1485 tua
389 1425 484 1488 etiam
519 1428 683 1486 voluntate
717 1432 750 1484 et
773 1424 887 1486 studiis
922 1425 1089 1487 certiorem
1119 1441 1170 1483 me
1199 1421 1304 1483 tacito.

65 1526 149 1588 Vale
172 1525 317 1590 feliciter.
365 1529 511 1591 Calendis
537 1527 743 1607 Septembris,

586 1749 792 1766 *utun—0⁶⁴⁸&

63 1822 138 1882 514.

632 1963 778 2036 Eidem.
817 2029 819 2036 Α

168 2130 237 2182 Vide
256 2129 450 2196 prolegomena
467 2131 658 2196 praecedentis
678 2131 818 2197 epistolae.

519 2299 717 2390 (Imcriptr‘o
738 2303 856 2384 deest.)

149 2453 266 2516 Doctor
288 2455 468 2516 Leonardus
492 2456 586 2516 Mertc
611 2456 761 2531 syndicus
783 2453 1063 2531 magdeburgensis
1094 2454 1156 2514 iarn
1179 2452 1301 2530 aliquo-

64 2557 125 2619 ties
150 2559 213 2620 huc
236 2556 364 2634 scripsit
387 2557 426 2618 ad
448 2573 498 2618 me
520 2575 646 2636 rogans,
668 2563 703 2619 ut
725 2559 792 2619 filio
816 2563 1056 2635 praeceptorem
1081 2571 1239 2631 qrraeram,
1263 2575 1300 2618 ac

65 2660 203 2723 inaximo
228 2668 315 2738 optut
338 2664 399 2724 sibi
419 2661 604 2740 conlingere
628 2662 763 2740 aliquem
789 2663 844 2738 qui
867 2668 1015 2723 exerceat
1038 2675 1169 2737 puerum
1192 2661 1225 2721 in
1248 2661 1299 2720 his

63 2763 281 2824 coimmunibus
304 2763 411 2825 literis
444 2772 478 2825 ut
502 2767 698 2827 adsuefaciat
723 2781 791 2826 enm
815 2764 1048 2825 adlectionem
1072 2764 1299 2824 clementorum

66 2865 146 2927 iuris
170 2865 371 2929 aradiendum.

148 2987 216 3064 Ego
240 2985 337 3048 video
361 2987 520 3050 nerninem
545 2987 577 3048 ei
599 2988 647 3048 rei
669 2988 825 3065 aptiorem
848 3005 939 3064 quam
962 2995 993 3047 te
1017 2987 1095 3047 iore.
1141 2987 1229 3046 Peter
1251 2989 1300 3047 vir

61 3089 238 3152 bonusest
276 3098 306 3151 et
340 3091 400 3152 crit
428 3099 552 3170 glutus,
591 3091 675 3168 quod
706 3108 765 3168 ego
795 3099 881 3151 certo
915 3091 990 3154 scio.
1035 3091 1097 3152 sed
1122 3107 1235 3150 vereor
1258 3107 1297 3150 ne

61 3192 151 3264 pueri
181 3193 293 3256 feritas
317 3197 491 3255 absterreat
524 3201 564 3267 te,
595 3195 647 3270 qui
678 3200 780 3254 tannen
811 3194 936 3255 videtur
957 3195 1103 3256 revocari
1129 3209 1226 3268 posse
1256 3195 1295 3254 ad

61 3293 260 3368 modestiam,
291 3303 456 3374 postquam
489 3297 600 3367 sensit,
636 3304 783 3374 quantum
816 3303 905 3374 pater
940 3296 1078 3357 offensus
1100 3293 1151 3368 sit,
1186 3293 1295 3356 nescio

60 3399 173 3469 quibus
196 3397 373 3462 rumoribus
396 3403 436 3462 de
459 3417 497 3462 eo
521 3401 697 3480 dissipatis.
741 3404 859 3463 Amabo
883 3407 925 3472 tc,
949 3401 1118 3473 responde,
1142 3417 1178 3459 nc
1200 3398 1295 3458 velim

60 3501 88 3556 te
111 3499 311 3577 promittere,
335 3521 396 3565 non
418 3505 614 3580 respondere
636 3512 764 3566 tantum.
795 3505 894 3565 Adest
917 3503 1043 3564 nuntius
1066 3519 1085 3562 a
1107 3505 1195 3577 petre
1218 3516 1294 3561 ven-

60 3605 147 3663 turus
172 3603 211 3663 ad
231 3621 281 3665 mc
306 3606 455 3683 prandi03
479 3607 529 3669 fac
553 3607 646 3668 sciam
671 3606 747 3686 quid
770 3605 966 3670 decreveris.
1009 3605 1094 3667 Vale.

579 3807 751 3826 m

60 3862 127 3924 515.

573 3990 703 4058 Amico
724 3991 773 4059 N.

123 4115 165 4167 Ex
183 4115 240 4168 lob.
259 4115 357 4182 Georg.
378 4115 546 4168 Scbclbornit
574 4113 796 4188 erpoattnterteu
811 4121 859 4172 cub
878 4119 917 4171 bct
935 4113 1136 4185 illodeublssorlc
1155 4117 1205 4171 aab
1223 4111 1289 4169 atres

161 4201 244 4257 rotor.
264 4205 289 4254 2.
310 4199 395 4258 etto.
418 4198 492 4270 (utu
512 4201 654 4267 1761780)
673 4221 701 4271 p.
721 4205 865 4258 alb-3¹2.

507 4355 700 4440 (Impreptm
721 4357 839 4440 deest.)

58 4471 261 4487 Q*

156 4545 183 4609 1)
214 4537 363 4611 στεργόντα
381 4543 504 4613 παρόντα
536 4546 572 4612 (i.
594 4563 616 4597 e.
645 4554 800 4599 contentum
819 4541 1079 4612 praesensissem]
1107 4543 1145 4593 sio
1172 4543 1292 4610 scripsi;

58 4625 75 4677 l.
87 4628 103 4682 Ι.
122 4630 260 4696 leguntur:
288 4643 437 4698 crappum
455 4647 589 4701 παραντα.

1532 300 1540 330 l
