<?xml version="1.0" encoding="UTF-8"?>
<!DOCTYPE html PUBLIC "-//W3C//DTD XHTML 1.0 Transitional//EN"
    "http://www.w3.org/TR/xhtml1/DTD/xhtml1-transitional.dtd">
<html xmlns="http://www.w3.org/1999/xhtml" xml:lang="en" lang="en">
 <head>
  <title>
</title>
<meta http-equiv="Content-Type" content="text/html;charset=utf-8" />
  <meta name='ocr-system' content='tesseract 3.04.00' />
  <meta name='ocr-capabilities' content='ocr_page ocr_carea ocr_par ocr_line ocrx_word'/>
</head>
<body>
  <div class='ocr_page' id='page_1' title='image "./philippimelanch01melagoog_0502.png"; bbox 0 0 3072 5208; ppageno 0'>
   <div class='ocr_carea' id='block_1_1' title="bbox 436 325 1298 414">
    <p class='ocr_par' dir='ltr' id='par_1_1' title="bbox 436 325 1298 414">
     <span class='ocr_line' id='line_1_1' title="bbox 436 325 1298 414; baseline -0.015 -2"><span class='ocrx_word' id='word_1_1' title='bbox 436 356 680 414; x_wconf 71' lang='lat' dir='ltr'><strong>sermionense</strong></span> <span class='ocrx_word' id='word_1_2' title='bbox 702 355 783 410; x_wconf 80' lang='lat' dir='ltr'><strong>sunt</strong></span> <span class='ocrx_word' id='word_1_3' title='bbox 802 351 949 408; x_wconf 81' lang='lat' dir='ltr'><strong>incensi.</strong></span> <span class='ocrx_word' id='word_1_4' title='bbox 1231 325 1298 406; x_wconf 59' lang='lat'><strong>485</strong></span> 
     </span>
    </p>
   </div>
   <div class='ocr_carea' id='block_1_2' title="bbox 58 494 1299 695">
    <p class='ocr_par' dir='ltr' id='par_1_2' title="bbox 58 494 1299 695">
     <span class='ocr_line' id='line_1_2' title="bbox 58 494 1299 603; baseline -0.015 -20"><span class='ocrx_word' id='word_1_5' title='bbox 58 515 133 583; x_wconf 79' lang='grc' dir='ltr'>τινὰ</span> <span class='ocrx_word' id='word_1_6' title='bbox 154 494 331 603; x_wconf 61' lang='lat' dir='ltr'><strong>pecudalis</strong></span> <span class='ocrx_word' id='word_1_7' title='bbox 363 513 570 599; x_wconf 69' lang='grc' dir='ltr'>γενήσεσθαι,</span> <span class='ocrx_word' id='word_1_8' title='bbox 604 512 689 573; x_wconf 75' lang='lat' dir='ltr'><strong>sindo</strong></span> <span class='ocrx_word' id='word_1_9' title='bbox 724 506 888 586; x_wconf 73' lang='lat' dir='ltr'><strong>copiosius</strong></span> <span class='ocrx_word' id='word_1_10' title='bbox 923 505 979 570; x_wconf 89' lang='lat' dir='ltr'><strong>tibi</strong></span> <span class='ocrx_word' id='word_1_11' title='bbox 1006 503 1137 576; x_wconf 69' lang='lat' dir='ltr'><strong>,consuti</strong></span> <span class='ocrx_word' id='word_1_12' title='bbox 1170 498 1299 581; x_wconf 79' lang='lat' dir='ltr'><strong>poterit.</strong></span> 
     </span>
     <span class='ocr_line' id='line_1_3' title="bbox 59 606 1072 695; baseline -0.017 -11"><span class='ocrx_word' id='word_1_13' title='bbox 59 626 149 686; x_wconf 85' lang='lat' dir='ltr'><strong>Bone</strong></span> <span class='ocrx_word' id='word_1_14' title='bbox 171 625 253 695; x_wconf 85' lang='lat' dir='ltr'><strong>vnto,</strong></span> <span class='ocrx_word' id='word_1_15' title='bbox 278 629 310 684; x_wconf 88' lang='lat' dir='ltr'><strong>et</strong></span> <span class='ocrx_word' id='word_1_16' title='bbox 331 638 382 683; x_wconf 90' lang='lat' dir='ltr'><strong>mc</strong></span> <span class='ocrx_word' id='word_1_17' title='bbox 406 617 569 682; x_wconf 73' lang='lat' dir='ltr'><strong>occasioni</strong></span> <span class='ocrx_word' id='word_1_18' title='bbox 591 635 653 678; x_wconf 92' lang='lat' dir='ltr'><strong>non</strong></span> <span class='ocrx_word' id='word_1_19' title='bbox 677 614 857 676; x_wconf 77' lang='lat' dir='ltr'><strong>defuturum</strong></span> <span class='ocrx_word' id='word_1_20' title='bbox 880 627 954 674; x_wconf 85' lang='lat' dir='ltr'><strong>esse</strong></span> <span class='ocrx_word' id='word_1_21' title='bbox 978 606 1072 672; x_wconf 83' lang='lat' dir='ltr'><strong>scias.</strong></span> 
     </span>
    </p>
   </div>
   <div class='ocr_carea' id='block_1_3' title="bbox 745 747 1124 826">
    <p class='ocr_par' dir='ltr' id='par_1_3' title="bbox 745 747 1124 826">
     <span class='ocr_line' id='line_1_4' title="bbox 745 747 1124 826; baseline -0.024 -14"><span class='ocrx_word' id='word_1_22' title='bbox 745 749 908 826; x_wconf 81' lang='lat' dir='ltr'><strong>Philippus</strong></span> <span class='ocrx_word' id='word_1_23' title='bbox 931 747 1124 814; x_wconf 76' lang='lat' dir='ltr'><strong>Melanthon.</strong></span> 
     </span>
    </p>
   </div>
   <div class='ocr_carea' id='block_1_4' title="bbox 574 961 781 977">
    <p class='ocr_par' dir='ltr' id='par_1_4' title="bbox 574 961 781 977">
     <span class='ocr_line' id='line_1_5' title="bbox 574 961 781 977; baseline -0.005 0"><span class='ocrx_word' id='word_1_24' title='bbox 574 961 781 977; x_wconf 48' lang='lat' dir='ltr'><strong>m</strong></span> 
     </span>
    </p>
   </div>
   <div class='ocr_carea' id='block_1_5' title="bbox 419 1272 945 1370">
    <p class='ocr_par' dir='ltr' id='par_1_5' title="bbox 419 1272 945 1370">
     <span class='ocr_line' id='line_1_6' title="bbox 419 1272 945 1370; baseline -0.015 -20"><span class='ocrx_word' id='word_1_25' title='bbox 419 1279 552 1350; x_wconf 79' lang='lat' dir='ltr'><strong>Eidem</strong></span> <span class='ocrx_word' id='word_1_26' title='bbox 579 1279 732 1370; x_wconf 75' lang='lat' dir='ltr'><strong>Scorpio</strong></span> <span class='ocrx_word' id='word_1_27' title='bbox 760 1272 945 1344; x_wconf 80' lang='lat' dir='ltr'><strong>Grocooio.</strong></span> 
     </span>
    </p>
   </div>
   <div class='ocr_carea' id='block_1_6' title="bbox 145 1442 618 1514">
    <p class='ocr_par' dir='ltr' id='par_1_6' title="bbox 145 1442 618 1514">
     <span class='ocr_line' id='line_1_7' title="bbox 145 1442 618 1514; baseline -0.008 -18"><span class='ocrx_word' id='word_1_28' title='bbox 145 1445 216 1498; x_wconf 80' lang='lat' dir='ltr'><strong>Vide</strong></span> <span class='ocrx_word' id='word_1_29' title='bbox 235 1445 427 1514; x_wconf 79' lang='lat' dir='ltr'><strong>prolegomene</strong></span> <span class='ocrx_word' id='word_1_30' title='bbox 448 1445 481 1496; x_wconf 84' lang='lat' dir='ltr'><strong>ed</strong></span> <span class='ocrx_word' id='word_1_31' title='bbox 502 1461 544 1496; x_wconf 88' lang='lat' dir='ltr'><strong>uo.</strong></span> <span class='ocrx_word' id='word_1_32' title='bbox 556 1442 618 1498; x_wconf 76' lang='lat'><strong>489.</strong></span> 
     </span>
    </p>
   </div>
   <div class='ocr_carea' id='block_1_7' title="bbox 274 1623 935 1709">
    <p class='ocr_par' dir='ltr' id='par_1_7' title="bbox 274 1623 935 1709">
     <span class='ocr_line' id='line_1_8' title="bbox 274 1623 935 1709; baseline -0.02 -13"><span class='ocrx_word' id='word_1_33' title='bbox 274 1633 411 1697; x_wconf 73' lang='lat' dir='ltr'><strong>clerice.</strong></span> <span class='ocrx_word' id='word_1_34' title='bbox 433 1639 505 1697; x_wconf 80' lang='lat' dir='ltr'><strong>vr&#39;ro</strong></span> <span class='ocrx_word' id='word_1_35' title='bbox 526 1629 572 1694; x_wconf 89' lang='lat' dir='ltr'><strong>D.</strong></span> <span class='ocrx_word' id='word_1_36' title='bbox 597 1626 742 1709; x_wconf 75' lang='lat' dir='ltr'><em>Georgia</em></span> <span class='ocrx_word' id='word_1_37' title='bbox 764 1623 935 1687; x_wconf 82' lang='lat' dir='ltr'><strong>Crocovt&#39;o.</strong></span> 
     </span>
    </p>
   </div>
   <div class='ocr_carea' id='block_1_8' title="bbox 54 1778 1294 3229">
    <p class='ocr_par' dir='ltr' id='par_1_8' title="bbox 57 1778 1294 2086">
     <span class='ocr_line' id='line_1_9' title="bbox 146 1778 1294 1882; baseline -0.022 -17"><span class='ocrx_word' id='word_1_38' title='bbox 146 1804 177 1865; x_wconf 88' lang='lat' dir='ltr'><strong>S.</strong></span> <span class='ocrx_word' id='word_1_39' title='bbox 199 1802 237 1864; x_wconf 91' lang='lat' dir='ltr'><strong>D.</strong></span> <span class='ocrx_word' id='word_1_40' title='bbox 280 1801 394 1866; x_wconf 86' lang='lat' dir='ltr'><strong>Ceriss.</strong></span> <span class='ocrx_word' id='word_1_41' title='bbox 417 1803 446 1864; x_wconf 93' lang='lat' dir='ltr'><strong>d.</strong></span> <span class='ocrx_word' id='word_1_42' title='bbox 469 1800 591 1882; x_wconf 80' lang='lat' dir='ltr'><strong>georgi.</strong></span> <span class='ocrx_word' id='word_1_43' title='bbox 635 1795 756 1876; x_wconf 85' lang='lat' dir='ltr'><strong>Scripsi</strong></span> <span class='ocrx_word' id='word_1_44' title='bbox 789 1796 829 1858; x_wconf 89' lang='lat' dir='ltr'><strong>nd</strong></span> <span class='ocrx_word' id='word_1_45' title='bbox 862 1795 890 1854; x_wconf 92' lang='lat' dir='ltr'><strong>d.</strong></span> <span class='ocrx_word' id='word_1_46' title='bbox 915 1783 1193 1854; x_wconf 85' lang='lat' dir='ltr'><strong>Cummcrstedium</strong></span> <span class='ocrx_word' id='word_1_47' title='bbox 1223 1778 1294 1857; x_wconf 82' lang='lat' dir='ltr'><strong>Iipi-</strong></span> 
     </span>
     <span class='ocr_line' id='line_1_10' title="bbox 57 1883 1294 1984; baseline -0.018 -18"><span class='ocrx_word' id='word_1_48' title='bbox 57 1907 185 1978; x_wconf 82' lang='lat' dir='ltr'><strong>stolom,</strong></span> <span class='ocrx_word' id='word_1_49' title='bbox 208 1921 299 1984; x_wconf 85' lang='lat' dir='ltr'><strong>quom</strong></span> <span class='ocrx_word' id='word_1_50' title='bbox 323 1911 357 1966; x_wconf 85' lang='lat' dir='ltr'><strong>et</strong></span> <span class='ocrx_word' id='word_1_51' title='bbox 378 1923 397 1968; x_wconf 84' lang='grc' dir='ltr'><strong>ιι</strong></span> <span class='ocrx_word' id='word_1_52' title='bbox 418 1911 451 1967; x_wconf 87' lang='lat' dir='ltr'><strong>te</strong></span> <span class='ocrx_word' id='word_1_53' title='bbox 475 1913 508 1967; x_wconf 90' lang='lat' dir='ltr'><strong>et</strong></span> <span class='ocrx_word' id='word_1_54' title='bbox 530 1921 549 1966; x_wconf 87' lang='grc' dir='ltr'><strong>ιι</strong></span> <span class='ocrx_word' id='word_1_55' title='bbox 570 1904 600 1965; x_wconf 91' lang='lat' dir='ltr'><strong>d.</strong></span> <span class='ocrx_word' id='word_1_56' title='bbox 622 1905 753 1964; x_wconf 87' lang='lat' dir='ltr'><strong>doctore</strong></span> <span class='ocrx_word' id='word_1_57' title='bbox 777 1895 945 1961; x_wconf 76' lang='lat' dir='ltr'><strong>Laurentio</strong></span> <span class='ocrx_word' id='word_1_58' title='bbox 968 1892 1140 1972; x_wconf 71' lang='lat' dir='ltr'><strong>teginolo,</strong></span> <span class='ocrx_word' id='word_1_59' title='bbox 1174 1885 1240 1966; x_wconf 84' lang='lat' dir='ltr'><strong>qui,</strong></span> <span class='ocrx_word' id='word_1_60' title='bbox 1265 1883 1294 1945; x_wconf 88' lang='lat' dir='ltr'><strong>si</strong></span> 
     </span>
     <span class='ocr_line' id='line_1_11' title="bbox 58 1991 1250 2086; baseline -0.017 -16"><span class='ocrx_word' id='word_1_61' title='bbox 58 2009 89 2070; x_wconf 89' lang='lat' dir='ltr'><strong>ei</strong></span> <span class='ocrx_word' id='word_1_62' title='bbox 112 2006 265 2083; x_wconf 77' lang='lat' dir='ltr'><strong>placebit,</strong></span> <span class='ocrx_word' id='word_1_63' title='bbox 287 2009 487 2070; x_wconf 75' lang='lat' dir='ltr'><strong>subscribere</strong></span> <span class='ocrx_word' id='word_1_64' title='bbox 510 2006 628 2086; x_wconf 88' lang='lat' dir='ltr'><strong>poterit</strong></span> <span class='ocrx_word' id='word_1_65' title='bbox 653 2012 686 2065; x_wconf 87' lang='lat' dir='ltr'><strong>et</strong></span> <span class='ocrx_word' id='word_1_66' title='bbox 708 2002 824 2064; x_wconf 88' lang='lat' dir='ltr'><strong>sddore</strong></span> <span class='ocrx_word' id='word_1_67' title='bbox 845 1997 960 2076; x_wconf 72' lang='lat' dir='ltr'><strong>aliquid</strong></span> <span class='ocrx_word' id='word_1_68' title='bbox 981 1997 1023 2058; x_wconf 86' lang='lat' dir='ltr'><strong>de</strong></span> <span class='ocrx_word' id='word_1_69' title='bbox 1046 2010 1104 2056; x_wconf 74' lang='lat' dir='ltr'><strong>sue</strong></span> <span class='ocrx_word' id='word_1_70' title='bbox 1126 1991 1250 2054; x_wconf 88' lang='lat' dir='ltr'><strong>iudicio.</strong></span> 
     </span>
    </p>

    <p class='ocr_par' dir='ltr' id='par_1_9' title="bbox 54 2094 1294 3106">
     <span class='ocr_line' id='line_1_12' title="bbox 144 2094 1294 2192; baseline -0.017 -19"><span class='ocrx_word' id='word_1_71' title='bbox 144 2111 193 2172; x_wconf 82' lang='lat' dir='ltr'><strong>Ad</strong></span> <span class='ocrx_word' id='word_1_72' title='bbox 216 2111 391 2192; x_wconf 86' lang='lat' dir='ltr'><strong>principem</strong></span> <span class='ocrx_word' id='word_1_73' title='bbox 413 2112 458 2174; x_wconf 83' lang='lat' dir='ltr'><strong>ite</strong></span> <span class='ocrx_word' id='word_1_74' title='bbox 480 2110 644 2174; x_wconf 89' lang='lat' dir='ltr'><strong>commodo</strong></span> <span class='ocrx_word' id='word_1_75' title='bbox 668 2105 766 2168; x_wconf 77' lang='lat' dir='ltr'><strong>scribi</strong></span> <span class='ocrx_word' id='word_1_76' title='bbox 788 2109 909 2184; x_wconf 85' lang='lat' dir='ltr'><strong>posset,</strong></span> <span class='ocrx_word' id='word_1_77' title='bbox 938 2098 967 2161; x_wconf 88' lang='lat' dir='ltr'><strong>si</strong></span> <span class='ocrx_word' id='word_1_78' title='bbox 990 2094 1165 2161; x_wconf 84' lang='lat' dir='ltr'><strong>communis</strong></span> <span class='ocrx_word' id='word_1_79' title='bbox 1188 2094 1294 2156; x_wconf 85' lang='lat' dir='ltr'><strong>sudro-</strong></span> 
     </span>
     <span class='ocr_line' id='line_1_13' title="bbox 57 2199 1292 2290; baseline -0.015 -15"><span class='ocrx_word' id='word_1_80' title='bbox 57 2211 150 2290; x_wconf 82' lang='lat' dir='ltr'><strong>getio</strong></span> <span class='ocrx_word' id='word_1_81' title='bbox 172 2215 253 2279; x_wconf 80' lang='lat' dir='ltr'><strong>lucto</strong></span> <span class='ocrx_word' id='word_1_82' title='bbox 275 2224 373 2290; x_wconf 82' lang='lat' dir='ltr'><strong>esset,</strong></span> <span class='ocrx_word' id='word_1_83' title='bbox 407 2222 439 2278; x_wconf 90' lang='lat' dir='ltr'><strong>et</strong></span> <span class='ocrx_word' id='word_1_84' title='bbox 466 2223 501 2276; x_wconf 88' lang='lat' dir='ltr'><strong>te</strong></span> <span class='ocrx_word' id='word_1_85' title='bbox 534 2233 602 2287; x_wconf 91' lang='lat' dir='ltr'><strong>oro,</strong></span> <span class='ocrx_word' id='word_1_86' title='bbox 626 2220 661 2276; x_wconf 88' lang='lat' dir='ltr'><strong>ut</strong></span> <span class='ocrx_word' id='word_1_87' title='bbox 684 2226 751 2274; x_wconf 90' lang='lat' dir='ltr'><strong>cum</strong></span> <span class='ocrx_word' id='word_1_88' title='bbox 774 2208 803 2270; x_wconf 87' lang='lat' dir='ltr'><strong>d</strong></span> <span class='ocrx_word' id='word_1_89' title='bbox 826 2207 959 2268; x_wconf 78' lang='lat' dir='ltr'><strong>hectore</strong></span> <span class='ocrx_word' id='word_1_90' title='bbox 980 2200 1150 2267; x_wconf 79' lang='lat' dir='ltr'><strong>deliberes</strong></span> <span class='ocrx_word' id='word_1_91' title='bbox 1192 2199 1292 2272; x_wconf 90' lang='lat' dir='ltr'><strong>Spero</strong></span> 
     </span>
     <span class='ocr_line' id='line_1_14' title="bbox 57 2299 1293 2396; baseline -0.011 -21"><span class='ocrx_word' id='word_1_92' title='bbox 57 2323 87 2376; x_wconf 88' lang='lat' dir='ltr'><strong>tc</strong></span> <span class='ocrx_word' id='word_1_93' title='bbox 112 2315 184 2378; x_wconf 89' lang='lat' dir='ltr'><strong>istic</strong></span> <span class='ocrx_word' id='word_1_94' title='bbox 207 2318 438 2384; x_wconf 87' lang='lat' dir='ltr'><strong>iurisconsultis</strong></span> <span class='ocrx_word' id='word_1_95' title='bbox 459 2319 561 2382; x_wconf 90' lang='lat' dir='ltr'><strong>tribus</strong></span> <span class='ocrx_word' id='word_1_96' title='bbox 580 2313 814 2396; x_wconf 79' lang='lat' dir='ltr'><strong>praesentibus·</strong></span> <span class='ocrx_word' id='word_1_97' title='bbox 834 2319 868 2372; x_wconf 89' lang='lat' dir='ltr'><strong>et</strong></span> <span class='ocrx_word' id='word_1_98' title='bbox 901 2325 952 2369; x_wconf 88' lang='lat' dir='ltr'><strong>me</strong></span> <span class='ocrx_word' id='word_1_99' title='bbox 973 2310 1142 2384; x_wconf 71' lang='lat' dir='ltr'><strong>praesente</strong></span> <span class='ocrx_word' id='word_1_100' title='bbox 1171 2299 1293 2365; x_wconf 72' lang='lat' dir='ltr'><strong>hobitu-</strong></span> 
     </span>
     <span class='ocr_line' id='line_1_15' title="bbox 56 2405 1287 2501; baseline -0.013 -21"><span class='ocrx_word' id='word_1_101' title='bbox 56 2436 126 2481; x_wconf 87' lang='lat' dir='ltr'><strong>rum</strong></span> <span class='ocrx_word' id='word_1_102' title='bbox 148 2421 293 2501; x_wconf 77' lang='lat' dir='ltr'><strong>sudrugiu</strong></span> <span class='ocrx_word' id='word_1_103' title='bbox 320 2424 461 2500; x_wconf 86' lang='lat' dir='ltr'><strong>plurium.</strong></span> <span class='ocrx_word' id='word_1_104' title='bbox 506 2420 546 2483; x_wconf 81' lang='lat' dir='ltr'><strong>lit</strong></span> <span class='ocrx_word' id='word_1_105' title='bbox 576 2422 609 2484; x_wconf 91' lang='lat' dir='ltr'><strong>id</strong></span> <span class='ocrx_word' id='word_1_106' title='bbox 631 2418 798 2484; x_wconf 70' lang='lat' dir='ltr'><strong>honestius</strong></span> <span class='ocrx_word' id='word_1_107' title='bbox 821 2421 854 2478; x_wconf 89' lang='lat' dir='ltr'><strong>et</strong></span> <span class='ocrx_word' id='word_1_108' title='bbox 875 2408 1066 2475; x_wconf 80' lang='lat' dir='ltr'><strong>commodius</strong></span> <span class='ocrx_word' id='word_1_109' title='bbox 1090 2409 1194 2468; x_wconf 78' lang='lat' dir='ltr'><strong>osset.</strong></span> <span class='ocrx_word' id='word_1_110' title='bbox 1238 2405 1287 2466; x_wconf 80' lang='lat' dir='ltr'><strong>lte</strong></span> 
     </span>
     <span class='ocr_line' id='line_1_16' title="bbox 55 2507 1291 2604; baseline -0.013 -20"><span class='ocrx_word' id='word_1_111' title='bbox 55 2523 176 2586; x_wconf 79' lang='lat' dir='ltr'><strong>aerarii</strong></span> <span class='ocrx_word' id='word_1_112' title='bbox 199 2525 307 2603; x_wconf 78' lang='lat' dir='ltr'><strong>inopie</strong></span> <span class='ocrx_word' id='word_1_113' title='bbox 330 2545 391 2590; x_wconf 90' lang='lat' dir='ltr'><strong>non</strong></span> <span class='ocrx_word' id='word_1_114' title='bbox 414 2527 493 2590; x_wconf 79' lang='lat' dir='ltr'><strong>laiso</strong></span> <span class='ocrx_word' id='word_1_115' title='bbox 516 2531 687 2604; x_wconf 85' lang='lat' dir='ltr'><strong>queruntur</strong></span> <span class='ocrx_word' id='word_1_116' title='bbox 709 2520 820 2584; x_wconf 85' lang='lat' dir='ltr'><strong>ceteri.</strong></span> <span class='ocrx_word' id='word_1_117' title='bbox 848 2518 913 2580; x_wconf 85' lang='lat' dir='ltr'><strong>Sed</strong></span> <span class='ocrx_word' id='word_1_118' title='bbox 935 2513 1048 2578; x_wconf 90' lang='lat' dir='ltr'><strong>sierit</strong></span> <span class='ocrx_word' id='word_1_119' title='bbox 1069 2507 1291 2581; x_wconf 63' lang='lat' dir='ltr'><strong>scholentes</strong></span> 
     </span>
     <span class='ocr_line' id='line_1_17' title="bbox 56 2611 1293 2696; baseline -0.012 -10"><span class='ocrx_word' id='word_1_120' title='bbox 56 2625 106 2687; x_wconf 91' lang='lat' dir='ltr'><strong>illi</strong></span> <span class='ocrx_word' id='word_1_121' title='bbox 131 2627 179 2689; x_wconf 84' lang='lat' dir='ltr'><strong>rei</strong></span> <span class='ocrx_word' id='word_1_122' title='bbox 199 2630 385 2693; x_wconf 86' lang='lat' dir='ltr'><strong>medebitur.</strong></span> <span class='ocrx_word' id='word_1_123' title='bbox 419 2629 457 2692; x_wconf 77' lang='lat' dir='ltr'><strong>Et</strong></span> <span class='ocrx_word' id='word_1_124' title='bbox 480 2631 544 2696; x_wconf 86' lang='lat' dir='ltr'><strong>nisi</strong></span> <span class='ocrx_word' id='word_1_125' title='bbox 564 2631 645 2692; x_wconf 86' lang='lat' dir='ltr'><strong>huec</strong></span> <span class='ocrx_word' id='word_1_126' title='bbox 666 2625 773 2690; x_wconf 86' lang='lat' dir='ltr'><strong>tristiu</strong></span> <span class='ocrx_word' id='word_1_127' title='bbox 795 2625 880 2688; x_wconf 83' lang='lat' dir='ltr'><strong>bello</strong></span> <span class='ocrx_word' id='word_1_128' title='bbox 901 2640 959 2684; x_wconf 90' lang='lat' dir='ltr'><strong>nos</strong></span> <span class='ocrx_word' id='word_1_129' title='bbox 982 2615 1183 2696; x_wconf 78' lang='lat' dir='ltr'><strong>impedirent,</strong></span> <span class='ocrx_word' id='word_1_130' title='bbox 1197 2611 1293 2674; x_wconf 79' lang='lat' dir='ltr'><strong>multu</strong></span> 
     </span>
     <span class='ocr_line' id='line_1_18' title="bbox 57 2712 1292 2820; baseline -0.016 -27"><span class='ocrx_word' id='word_1_131' title='bbox 57 2737 135 2793; x_wconf 85' lang='lat' dir='ltr'><strong>ente</strong></span> <span class='ocrx_word' id='word_1_132' title='bbox 159 2732 200 2794; x_wconf 91' lang='lat' dir='ltr'><strong>de</strong></span> <span class='ocrx_word' id='word_1_133' title='bbox 222 2733 284 2795; x_wconf 90' lang='lat' dir='ltr'><strong>tuis</strong></span> <span class='ocrx_word' id='word_1_134' title='bbox 307 2733 482 2820; x_wconf 85' lang='lat' dir='ltr'><strong>commodis</strong></span> <span class='ocrx_word' id='word_1_135' title='bbox 504 2733 653 2812; x_wconf 86' lang='lat' dir='ltr'><strong>egissem.</strong></span> <span class='ocrx_word' id='word_1_136' title='bbox 697 2727 816 2805; x_wconf 90' lang='lat' dir='ltr'><strong>Scripsi</strong></span> <span class='ocrx_word' id='word_1_137' title='bbox 838 2727 878 2790; x_wconf 82' lang='lat' dir='ltr'><strong>ad</strong></span> <span class='ocrx_word' id='word_1_138' title='bbox 901 2719 1125 2786; x_wconf 84' lang='lat' dir='ltr'><strong>Concellorium</strong></span> <span class='ocrx_word' id='word_1_139' title='bbox 1149 2730 1216 2778; x_wconf 88' lang='lat' dir='ltr'><strong>cum</strong></span> <span class='ocrx_word' id='word_1_140' title='bbox 1238 2712 1292 2776; x_wconf 82' lang='lat' dir='ltr'><strong>ed·</strong></span> 
     </span>
     <span class='ocr_line' id='line_1_19' title="bbox 55 2812 1291 2914; baseline -0.017 -17"><span class='ocrx_word' id='word_1_141' title='bbox 55 2835 119 2896; x_wconf 90' lang='lat' dir='ltr'><strong>huc</strong></span> <span class='ocrx_word' id='word_1_142' title='bbox 152 2833 184 2896; x_wconf 90' lang='lat' dir='ltr'><strong>in</strong></span> <span class='ocrx_word' id='word_1_143' title='bbox 207 2837 311 2913; x_wconf 82' lang='lat' dir='ltr'><strong>patria</strong></span> <span class='ocrx_word' id='word_1_144' title='bbox 338 2841 436 2908; x_wconf 87' lang='lat' dir='ltr'><strong>esset,</strong></span> <span class='ocrx_word' id='word_1_145' title='bbox 472 2837 609 2914; x_wconf 86' lang='lat' dir='ltr'><strong>nequid</strong></span> <span class='ocrx_word' id='word_1_146' title='bbox 633 2839 808 2896; x_wconf 82' lang='lat' dir='ltr'><strong>statuerent</strong></span> <span class='ocrx_word' id='word_1_147' title='bbox 840 2832 881 2891; x_wconf 89' lang='lat' dir='ltr'><strong>de</strong></span> <span class='ocrx_word' id='word_1_148' title='bbox 903 2825 1059 2894; x_wconf 87' lang='lat' dir='ltr'><strong>lectione,</strong></span> <span class='ocrx_word' id='word_1_149' title='bbox 1091 2818 1151 2883; x_wconf 89' lang='lat' dir='ltr'><strong>nisi</strong></span> <span class='ocrx_word' id='word_1_150' title='bbox 1183 2812 1291 2878; x_wconf 78' lang='lat' dir='ltr'><strong>cudite</strong></span> 
     </span>
     <span class='ocr_line' id='line_1_20' title="bbox 55 2918 1289 3010; baseline -0.017 -11"><span class='ocrx_word' id='word_1_151' title='bbox 55 2937 154 3001; x_wconf 82' lang='lat' dir='ltr'><strong>etium</strong></span> <span class='ocrx_word' id='word_1_152' title='bbox 191 2955 261 3000; x_wconf 85' lang='lat' dir='ltr'><strong>men</strong></span> <span class='ocrx_word' id='word_1_153' title='bbox 284 2939 599 3002; x_wconf 84' lang='lat' dir='ltr'><strong>commoncloctione.</strong></span> <span class='ocrx_word' id='word_1_154' title='bbox 645 2937 770 3010; x_wconf 79' lang='lat' dir='ltr'><strong>Quaeso</strong></span> <span class='ocrx_word' id='word_1_155' title='bbox 802 2941 837 2996; x_wconf 93' lang='lat' dir='ltr'><strong>ut</strong></span> <span class='ocrx_word' id='word_1_156' title='bbox 870 2933 910 2993; x_wconf 91' lang='lat' dir='ltr'><strong>de</strong></span> <span class='ocrx_word' id='word_1_157' title='bbox 932 2935 999 2991; x_wconf 82' lang='lat' dir='ltr'><strong>tota</strong></span> <span class='ocrx_word' id='word_1_158' title='bbox 1020 2941 1056 2988; x_wconf 89' lang='lat' dir='ltr'><strong>re</strong></span> <span class='ocrx_word' id='word_1_159' title='bbox 1092 2919 1211 2984; x_wconf 90' lang='lat' dir='ltr'><strong>cumd.</strong></span> <span class='ocrx_word' id='word_1_160' title='bbox 1235 2918 1289 2979; x_wconf 92' lang='lat' dir='ltr'><strong>do·</strong></span> 
     </span>
     <span class='ocr_line' id='line_1_21' title="bbox 54 3039 765 3106; baseline -0.013 -3"><span class='ocrx_word' id='word_1_161' title='bbox 54 3047 143 3104; x_wconf 80' lang='lat' dir='ltr'><strong>olore</strong></span> <span class='ocrx_word' id='word_1_162' title='bbox 167 3043 337 3104; x_wconf 79' lang='lat' dir='ltr'><strong>Laurentio</strong></span> <span class='ocrx_word' id='word_1_163' title='bbox 360 3042 531 3106; x_wconf 84' lang='lat' dir='ltr'><strong>deliberes.</strong></span> <span class='ocrx_word' id='word_1_164' title='bbox 574 3043 660 3103; x_wconf 81' lang='lat' dir='ltr'><strong>Serre</strong></span> <span class='ocrx_word' id='word_1_165' title='bbox 684 3039 765 3101; x_wconf 79' lang='lat' dir='ltr'><strong>vale.</strong></span> 
     </span>
    </p>

    <p class='ocr_par' dir='ltr' id='par_1_10' title="bbox 990 3147 1164 3229">
     <span class='ocr_line' id='line_1_22' title="bbox 990 3147 1164 3229; baseline -0.034 -20"><span class='ocrx_word' id='word_1_166' title='bbox 990 3147 1164 3229; x_wconf 89' lang='lat' dir='ltr'><strong>philippus.</strong></span> 
     </span>
    </p>
   </div>
   <div class='ocr_carea' id='block_1_9' title="bbox 140 3703 836 3942">
    <p class='ocr_par' dir='ltr' id='par_1_11' title="bbox 140 3703 836 3942">
     <span class='ocr_line' id='line_1_23' title="bbox 515 3703 748 3778; baseline -0.009 0"><span class='ocrx_word' id='word_1_167' title='bbox 515 3732 518 3742; x_wconf 92' lang='lat'><em>·</em></span> <span class='ocrx_word' id='word_1_168' title='bbox 605 3703 748 3778; x_wconf 78' lang='lat' dir='ltr'><strong>Eidem.</strong></span> 
     </span>
     <span class='ocr_line' id='line_1_24' title="bbox 140 3841 836 3942; baseline 0.006 -18"><span class='ocrx_word' id='word_1_169' title='bbox 140 3873 212 3924; x_wconf 70' lang='lat' dir='ltr'><strong>vioe</strong></span> <span class='ocrx_word' id='word_1_170' title='bbox 230 3871 419 3942; x_wconf 71' lang='lat' dir='ltr'><strong>rroregomen·</strong></span> <span class='ocrx_word' id='word_1_171' title='bbox 439 3873 473 3926; x_wconf 78' lang='grc' dir='ltr'><strong>ιι</strong></span> <span class='ocrx_word' id='word_1_172' title='bbox 489 3889 533 3929; x_wconf 74' lang='lat' dir='ltr'><strong>no.</strong></span> <span class='ocrx_word' id='word_1_173' title='bbox 546 3873 608 3929; x_wconf 78' lang='lat' dir='ltr'><strong>ceu.</strong></span> <span class='ocrx_word' id='word_1_174' title='bbox 834 3841 836 3846; x_wconf 61' lang='grc'><strong>’</strong></span> 
     </span>
    </p>
   </div>
   <div class='ocr_carea' id='block_1_10' title="bbox 504 4013 926 4148">
    <p class='ocr_par' dir='ltr' id='par_1_12' title="bbox 504 4013 926 4148">
     <span class='ocr_line' id='line_1_25' title="bbox 504 4013 926 4148; baseline -0.014 -22"><span class='ocrx_word' id='word_1_175' title='bbox 504 4061 701 4148; x_wconf 75' lang='lat' dir='ltr'><strong>(Inscriptio</strong></span> <span class='ocrx_word' id='word_1_176' title='bbox 726 4058 843 4144; x_wconf 78' lang='lat' dir='ltr'><strong>deest.)</strong></span> <span class='ocrx_word' id='word_1_177' title='bbox 922 4013 926 4020; x_wconf 25' lang='lat'>¹</span> 
     </span>
    </p>
   </div>
   <div class='ocr_carea' id='block_1_11' title="bbox 55 4193 1293 4733">
    <p class='ocr_par' dir='ltr' id='par_1_13' title="bbox 55 4193 1293 4733">
     <span class='ocr_line' id='line_1_26' title="bbox 161 4193 1293 4320; baseline -0.021 -20"><span class='ocrx_word' id='word_1_178' title='bbox 161 4238 193 4300; x_wconf 92' lang='lat' dir='ltr'><strong>S.</strong></span> <span class='ocrx_word' id='word_1_179' title='bbox 216 4237 256 4306; x_wconf 87' lang='lat' dir='ltr'><strong>D.</strong></span> <span class='ocrx_word' id='word_1_180' title='bbox 300 4235 476 4300; x_wconf 81' lang='lat' dir='ltr'><strong>Clarissd.</strong></span> <span class='ocrx_word' id='word_1_181' title='bbox 500 4236 621 4302; x_wconf 85' lang='lat' dir='ltr'><strong>doctor.</strong></span> <span class='ocrx_word' id='word_1_182' title='bbox 664 4233 728 4294; x_wconf 86' lang='lat' dir='ltr'><strong>lum</strong></span> <span class='ocrx_word' id='word_1_183' title='bbox 758 4193 851 4300; x_wconf 83' lang='lat' dir='ltr'><strong>rediit</strong></span> <span class='ocrx_word' id='word_1_184' title='bbox 880 4227 1004 4320; x_wconf 81' lang='lat' dir='ltr'><strong>rruntius</strong></span> <span class='ocrx_word' id='word_1_185' title='bbox 1031 4220 1208 4290; x_wconf 83' lang='lat' dir='ltr'><strong>hildesius,</strong></span> <span class='ocrx_word' id='word_1_186' title='bbox 1238 4215 1293 4294; x_wconf 84' lang='lat' dir='ltr'><strong>qui</strong></span> 
     </span>
     <span class='ocr_line' id='line_1_27' title="bbox 56 4308 1292 4417; baseline -0.021 -13"><span class='ocrx_word' id='word_1_187' title='bbox 56 4359 154 4417; x_wconf 89' lang='lat' dir='ltr'><strong>nuper</strong></span> <span class='ocrx_word' id='word_1_188' title='bbox 187 4342 250 4407; x_wconf 89' lang='lat' dir='ltr'><strong>huc</strong></span> <span class='ocrx_word' id='word_1_189' title='bbox 281 4339 429 4400; x_wconf 83' lang='lat' dir='ltr'><strong>ottuleret</strong></span> <span class='ocrx_word' id='word_1_190' title='bbox 451 4345 530 4409; x_wconf 84' lang='lat' dir='ltr'><strong>acta,</strong></span> <span class='ocrx_word' id='word_1_191' title='bbox 565 4351 644 4414; x_wconf 84' lang='lat' dir='ltr'><strong>quae</strong></span> <span class='ocrx_word' id='word_1_192' title='bbox 667 4335 758 4396; x_wconf 87' lang='lat' dir='ltr'><strong>vobis</strong></span> <span class='ocrx_word' id='word_1_193' title='bbox 774 4308 912 4398; x_wconf 86' lang='lat' dir='ltr'><strong>exhibui</strong></span> <span class='ocrx_word' id='word_1_194' title='bbox 942 4328 1077 4397; x_wconf 86' lang='lat' dir='ltr'><strong>codic</strong></span> <span class='ocrx_word' id='word_1_195' title='bbox 1085 4341 1148 4414; x_wconf 79' lang='lat' dir='ltr'><strong>qpo</strong></span> <span class='ocrx_word' id='word_1_196' title='bbox 1172 4321 1292 4394; x_wconf 77' lang='lat' dir='ltr'><strong>obierat</strong></span> 
     </span>
     <span class='ocr_line' id='line_1_28' title="bbox 57 4417 1291 4524; baseline -0.018 -18"><span class='ocrx_word' id='word_1_197' title='bbox 57 4445 201 4518; x_wconf 85' lang='lat' dir='ltr'><strong>Nuntius,</strong></span> <span class='ocrx_word' id='word_1_198' title='bbox 225 4457 344 4522; x_wconf 77' lang='lat' dir='ltr'><strong>quaeso</strong></span> <span class='ocrx_word' id='word_1_199' title='bbox 368 4448 403 4503; x_wconf 86' lang='lat' dir='ltr'><strong>ut</strong></span> <span class='ocrx_word' id='word_1_200' title='bbox 426 4437 459 4501; x_wconf 88' lang='lat' dir='ltr'><strong>ei</strong></span> <span class='ocrx_word' id='word_1_201' title='bbox 482 4439 700 4516; x_wconf 81' lang='lat' dir='ltr'><strong>respondeatis</strong></span> <span class='ocrx_word' id='word_1_202' title='bbox 723 4433 886 4524; x_wconf 75' lang='grc' dir='ltr'>γνώριμον</span> <span class='ocrx_word' id='word_1_203' title='bbox 909 4431 995 4501; x_wconf 77' lang='grc' dir='ltr'>ἔστιν</span> <span class='ocrx_word' id='word_1_204' title='bbox 1030 4425 1102 4514; x_wconf 71' lang='lat' dir='ltr'><strong>opio</strong></span> <span class='ocrx_word' id='word_1_205' title='bbox 1125 4451 1161 4490; x_wconf 81' lang='grc' dir='ltr'><strong>το</strong></span> <span class='ocrx_word' id='word_1_206' title='bbox 1186 4417 1291 4488; x_wconf 80' lang='grc' dir='ltr'>δεινόν</span> 
     </span>
     <span class='ocr_line' id='line_1_29' title="bbox 55 4538 1292 4632; baseline -0.014 -17"><span class='ocrx_word' id='word_1_207' title='bbox 55 4551 143 4632; x_wconf 78' lang='grc' dir='ltr'><strong><em>γένος</em></strong></span> <span class='ocrx_word' id='word_1_208' title='bbox 164 4541 229 4614; x_wconf 75' lang='grc' dir='ltr'><strong>τῶν</strong></span> <span class='ocrx_word' id='word_1_209' title='bbox 248 4541 408 4630; x_wconf 73' lang='grc' dir='ltr'>γειτόνων.</span> <span class='ocrx_word' id='word_1_210' title='bbox 454 4545 568 4626; x_wconf 82' lang='lat' dir='ltr'><strong>Cogito</strong></span> <span class='ocrx_word' id='word_1_211' title='bbox 593 4561 662 4605; x_wconf 82' lang='lat' dir='ltr'><strong>oros</strong></span> <span class='ocrx_word' id='word_1_212' title='bbox 685 4543 807 4605; x_wconf 88' lang='lat' dir='ltr'><strong>mittere</strong></span> <span class='ocrx_word' id='word_1_213' title='bbox 831 4542 971 4606; x_wconf 87' lang='lat' dir='ltr'><strong>nuntium</strong></span> <span class='ocrx_word' id='word_1_214' title='bbox 994 4541 1034 4604; x_wconf 84' lang='lat' dir='ltr'><strong>ed</strong></span> <span class='ocrx_word' id='word_1_215' title='bbox 1055 4541 1200 4602; x_wconf 82' lang='lat' dir='ltr'><strong>Iacobum</strong></span> <span class='ocrx_word' id='word_1_216' title='bbox 1210 4538 1292 4612; x_wconf 83' lang='lat' dir='ltr'><strong>Run-</strong></span> 
     </span>
     <span class='ocr_line' id='line_1_30' title="bbox 56 4643 1291 4733; baseline -0.006 -19"><span class='ocrx_word' id='word_1_217' title='bbox 56 4652 139 4733; x_wconf 78' lang='lat' dir='ltr'><strong>gium</strong></span> <span class='ocrx_word' id='word_1_218' title='bbox 170 4666 244 4715; x_wconf 89' lang='lat' dir='ltr'><strong>mco</strong></span> <span class='ocrx_word' id='word_1_219' title='bbox 267 4657 399 4729; x_wconf 86' lang='lat' dir='ltr'><strong>sumptu.</strong></span> <span class='ocrx_word' id='word_1_220' title='bbox 446 4649 697 4711; x_wconf 79' lang='lat' dir='ltr'><strong>Norulhcderus</strong></span> <span class='ocrx_word' id='word_1_221' title='bbox 737 4649 796 4709; x_wconf 91' lang='lat' dir='ltr'><strong>huc</strong></span> <span class='ocrx_word' id='word_1_222' title='bbox 827 4647 985 4710; x_wconf 85' lang='lat' dir='ltr'><strong>rabiosum</strong></span> <span class='ocrx_word' id='word_1_223' title='bbox 1017 4644 1168 4724; x_wconf 89' lang='lat' dir='ltr'><strong>scriptum</strong></span> <span class='ocrx_word' id='word_1_224' title='bbox 1196 4643 1291 4707; x_wconf 89' lang='lat' dir='ltr'><strong>misit.</strong></span> 
     </span>
    </p>
   </div>
   <div class='ocr_carea' id='block_1_12' title="bbox 0 0 1540 5208">
    <p class='ocr_par' dir='ltr' id='par_1_14' title="bbox 0 0 1540 5208">
     <span class='ocr_line' id='line_1_31' title="bbox 0 0 1540 5208; baseline 0 2"><span class='ocrx_word' id='word_1_225' title='bbox 0 0 1540 5208; x_wconf 95' lang='lat' dir='ltr'><strong> </strong></span> 
     </span>
    </p>
   </div>
  </div>
 </body>
</html>
