3064 5206
462 323 712 380 scemurense
732 319 815 379 naar
842 328 914 382 roso.
1244 307 1309 381 aba

92 492 118 543 rt
136 484 279 545 Senatum
302 485 568 560 argentinensem
597 484 706 544 habita
735 483 797 543 iuit
819 499 929 544 mense
954 483 1118 544 Novembr.
1139 487 1245 554 itta,
1279 492 1310 544 et

10 605 11 608 ¹
91 594 281 656 corruentem,
304 593 341 646 ut
353 585 533 663 Episcopus
556 586 689 645 haberet
710 587 773 646 tria
790 587 943 663 collegia,
956 587 1188 646 'Caiiredraiem
1201 589 1308 647 Eccie

90 690 159 752 siam
181 699 211 750 et
233 690 312 750 duas
336 687 495 759 Petrinus,
526 691 583 748 sub
607 690 745 748 natatem
768 689 888 748 Christi
913 695 1043 748 vocotus
1073 690 1117 748 foi
1140 697 1191 748 ter
1212 705 1231 748 a
1254 692 1309 749 Ca-

10 803 12 864 ζ
89 795 178 869 pitulo
206 792 323 859 illustri
354 799 386 850 et
409 789 665 867 episcopatibus.
711 789 756 852 lbi
779 791 814 852 D.
841 791 955 852 dnrdst.
981 792 1212 868 Vueisidgarus
1231 792 1310 867 dipi-

10 911 12 960 ι
88 893 168 970 scopi
195 895 324 955 nomine
353 894 465 972 petiit.
494 901 529 954 ιιι
553 892 748 954 ordinationi
780 892 981 954 interimioae
1013 901 1044 953 et
1067 911 1186 963 nonae,
1217 910 1312 970 quum

10 1023 11 1026 ¹
87 999 195 1060 vellant
215 998 397 1075 auspicari,
430 1010 544 1058 noman
576 997 699 1065 darom,
715 994 900 1072 ¹religioni,
930 987 1159 1072 rnoneronqde
1189 997 1312 1058 uestem

87 1100 208 1172 lineam,
241 1117 278 1162 uc
307 1099 339 1161 in
357 1101 446 1162 'aliis
476 1099 637 1168 oeternis,
657 1111 751 1173 ¹(pirae
774 1101 910 1158 noceam
939 1089 1129 1176 adiaphorai,
1161 1117 1211 1160 me
1240 1118 1311 1165 oon-

10 1191 11 1266 Ϊ
86 1206 207 1266 iorruern
231 1205 426 1266 exhiberem.
474 1202 641 1264 Adionetis
663 1200 775 1270 minis,
804 1199 836 1261 si
853 1217 921 1262 non
946 1195 1313 1280 obsequerer‚·Episao-

10 1339 11 1352 ι
87 1325 151 1384 pum
172 1304 448 1369 Gaesbiaiestuti
477 1321 578 1366 meam
608 1303 863 1365 inobedientiam
886 1304 1146 1382 significaturum.
1184 1309 1313 1384 *Accepi

87 1405 153 1490 (non
175 1408 420 1486 sineconaiiio)
442 1405 706 1470 deliberationem
729 1405 799 1465 Vlii
814 1402 954 1478 diebus,
983 1407 1017 1467 at
1047 1409 1210 1485 respondi
1226 1411 1313 1470 Chri·
1402 1435 1406 1442 ·

10 1521 12 1530 ’
88 1513 180 1573 stiana
201 1513 360 1574 modestia
382 1527 433 1573 me
457 1517 658 1572 servaturum
686 1509 906 1570 fundationem
935 1501 1202 1586 praedicationes
1223 1522 1315 1590 ariam
1375 1499 1384 1508 ’

11 1631 12 1634 ’
87 1615 192 1675 scirem
216 1615 446 1684 Christianam,
476 1609 571 1690 quern
597 1613 751 1673 iurassent
778 1615 812 1672 Α.
828 1615 867 1672 23
892 1620 923 1672 et
948 1631 1127 1675 servassem
1151 1612 1314 1677 hactenus,

87 1717 187 1792 Neque
216 1721 258 1779 26
277 1719 379 1780 annis
409 1719 536 1780 illustre
562 1717 737 1792 capitulam
766 1728 902 1794 linquant
940 1718 972 1776 in
1010 1732 1076 1778 me³
1095 1719 1314 1782 desiderasset

66 1877 69 1884 .
88 1818 216 1895 aliquid,
239 1821 294 1880 me
314 1822 399 1881 neiis
423 1822 559 1897 posthac
582 1820 715 1888 docere,
751 1826 783 1878 at
807 1823 917 1888 antea,
941 1821 1053 1880 favore
1075 1822 1136 1882 Dei
1146 1859 1157 1891 ,-
1178 1827 1216 1882 et·
1234 1837 1313 1884 sem-

89 1922 143 1997 per<
166 1931 295 2000 paratus
324 1923 458 1994 interim,
498 1931 530 1982 et
555 1924 621 1996 sim
649 1920 762 1990 hodie,
793 1923 950 1982 rationem
979 1923 1113 1984 reddere
1141 1938 1232 1986 meae
1262 1927 1315 1988 db·

89 2027 199 2094 ctrinae
229 2029 316 2087 oanni
346 2028 488 2103 petenti,-
524 2026 669 2087 omnibus
700 2025 888 2086 Christianis
920 2019 1157 2104 Magistratib'us
1188 2037 1220 2088 et
1250 2031 1315 2107 piis

89 2129 278 2200 bominibus,
309 2130 485 2206 rogavique
519 2128 698 2196 hunniam,
735 2143 775 2186 ne
806 2145 906 2189 meam
945 2129 1175 2192 conscientiam
1196 2147 1317 2210 grane-

89 2240 252 2300 rentrnon
275 2232 360 2305 anim
377 2241 505 2306 possent
523 2231 727 2308 corruptelas
748 2232 830 2292 udas
851 2231 1017 2294 doctrinae
1030 2234 1104 2294 Filii
1119 2237 1181 2296 Dei
1202 2234 1316 2314 eppr‘o-
1374 2294 1377 2301 .

88 2337 164 2394 bara
214 2335 262 2396 De
286 2341 376 2395 reste
405 2333 549 2410 quidam,
580 2335 665 2410 quod
693 2351 743 2394 me
776 2335 943 2405 attineret,
973 2337 1141 2412 respondi:
1173 2355 1223 2398 rne
1255 2356 1318 2400 non

87 2439 206 2500 anxium
237 2455 329 2516 esse,
358 2440 414 2500 sed
448 2440 602 2516 populum
632 2441 759 2516 Argent.
793 2439 837 2500 ita
866 2442 1026 2511 aversari,
1064 2451 1096 2502 ut
1119 2443 1201 2504 sina
1227 2445 1318 2522 gravi

88 2539 275 2602 offendiculo
297 2559 360 2601 non
383 2544 506 2618 possim
529 2543 670 2601 inducre,
725 2542 896 2602 auditores
922 2527 1004 2602 enirn
1028 2554 1136 2606 essent
1161 2544 1314 2625 interpro-

89 2645 178 2704 taturi
199 2661 251 2706 me
275 2651 328 2705 aut
351 2652 516 2706 recantare
540 2644 680 2722 priorem
703 2645 895 2716 doctrinamr
919 2652 971 2706 aut
995 2663 1123 2724 prorsus
1144 2649 1316 2726 Papisti'cis
1412 2704 1416 2715 .

88 2747 229 2810 abusibus
261 2759 311 2807 me
340 2749 424 2808 valle
456 2749 666 2809 subscribere.
726 2749 880 2819 Maxime,
901 2749 949 2809 'si
980 2766 1040 2828 ego
1071 2754 1126 2827 qui
1156 2761 1316 2829 postremo

89 2849 163 2910 hanc
185 2831 306 2912 restem
330 2859 362 2909 et
384 2851 504 2910 inritas
527 2850 687 2926 deposuir
715 2843 833 2926 primns
865 2853 924 2912 sim
956 2853 1114 2922 etsbius,
1151 2856 1205 2929 qni
1222 2858 1319 2916 inter
1377 2901 1378 2904 ,

89 2951 176 3012 iiViii
205 2953 368 3015 Ministros
400 2953 496 3014 Verbi
525 2967 730 3015 restituerem.
785 2953 852 3013 iioc
882 2969 1038 3031 responso
1069 2975 1129 3016 non
1161 2959 1317 3028 contenti,

90 3057 265 3128 uoluerant,
287 3065 322 3118 ut
345 3056 482 3133 arnpiius
496 3057 728 3116 deliberarem.¹
783 3057 958 3132 Respondi,
979 3040 1106 3119 ‘firmam
1140 3068 1224 3120 stare
1249 3065 1318 3122 seri-

10 3225 11 3228 *
90 3161 213 3221 tentiam
238 3177 357 3232 meam,
388 3168 420 3220 et
451 3159 545 3220 idem'
569 3161 704 3235 posthae
729 3157 823 3219 etiarn
848 3167 987 3219 actrrrum
1014 3179 1072 3220 me.
1125 3164 1186 3222 Res
1210 3165 1319 3225 delata

90 3271 133 3324 est
162 3265 199 3326 ad
231 3265 423 3342 Episcopum
454 3270 486 3322 et
515 3262 615 3323 dilata
644 3263 682 3322 ad
713 3263 930 3337 quindenum·
962 3265 1087 3324 interea
1121 3281 1160 3325 ex
1182 3267 1319 3343 Capitu-

91 3366 199 3428 iaribus
224 3365 379 3437 ordinat-i,
406 3365 596 3426 intermisso
622 3361 722 3440 priori
746 3363 882 3423 articulo
905 3365 944 3422 de
968 3365 1135 3434 doctrinar
1150 3367 1205 3426 da
1227 3375 1318 3428 veste

89 3471 277 3532 solummodo
310 3477 458 3548 egenum,
473 3500 476 3509 ·
494 3476 531 3529 ιιι
562 3468 613 3528 ¹ita
651 3466 821 3526 iniicerent
857 3468 1020 3540 tauricum,
1058 3474 1088 3527 ot
1124 3470 1211 3531 ineis
1246 3474 1320 3531 cori-

90 3573 229 3634 oionibus
266 3575 299 3634 in
315 3573 318 3581 ’
336 3572 437 3650 primo
472 3573 598 3648 templo
631 3569 918 3644 frequentioribus
957 3573 1100 3646 popaius'
1131 3574 1250 3632 sensim
1280 3574 1320 3633 ad

91 3691 191 3737 eorum
214 3691 307 3738 saera
327 3668 546 3737 adduceretur.
600 3675 663 3734 Sed
687 3674 775 3732 seriei
800 3675 958 3733 latentem·
974 3675 1195 3749 imposturam,
1226 3690 1318 3751 qnam

91 3781 208 3841 tandem
231 3781 330 3841 etiam
353 3776 563 3855 deprehendi.
615 3775 652 3836 Et
681 3781 863 3836 constanter
893 3777 1057 3836 confessus
1088 3777 1151 3847 fui,
1183 3795 1244 3836 non
1268 3791 1320 3836 ne-

89 3883 157 3956 gavi
186 3889 219 3944 et
250 3883 526 3944 conressusrsnm.
543 3903 546 3914 ·
564 3889 566 3896 ⁴
581 3879 654 3938 Non
677 3892 747 3938 sum
770 3863 838 3954 ¹ego
861 3879 1078 3939 interimistan
1116 3877 1267 3940 Senatus·
1286 3877 1322 3938 li-

91 3987 192 4048 beaten
210 3989 327 4046 ·lamen
359 3985 537 4045 doctrinae·
554 3983 597 4042 in·
614 3982 717 4055 primo
742 3981 861 4057 templo
893 3987 1024 4057 proptor
1043 3983 1143 4042 ‘ciues
1156 3991 1205 4042 ¹¹et
1229 3994 1321 4060 pere-

90 4087 191 4162 grinos
215 4095 460 4155 conservasset,
494 4092 694 4162 egeruntque
725 4093 818 4159 qrrard
841 4083 1091 4159 diligentissime
1122 4087 1206 4159 apud
1228 4085 1323 4160 *capi-

91 4193 198 4262 tulum‚
236 4191 337 4268 nicode
375 4197 410 4251 ut
442 4205 546 4248 aerum
577 4189 696 4256 dicam,
733 4188 888 4264 graneam
913 4187 997 4246 'mibi
1025 4183 1114 4246 dedit
1144 4187 1323 4255 iicentiam,

91 4300 121 4351 ut
143 4302 262 4358 vocant.
317 4293 381 4354 sed
408 4290 589 4368 Episcopus
625 4289 708 4350 irartd
738 4288 840 4349 dubie
868 4305 926 4364 per
947 4289 1194 4365 Vttelsingerorn
1214 4305 1324 4364 perra-

91 4397 151 4471 pit,
172 4397 217 4459 ita
239 4402 276 4457 ut
293 4395 431 4455 iiiin.
457 4389 594 4454 Ianuarii
625 4391 785 4452 audirem:
822 4390 872 4453 aba
895 4393 944 4466 icit
967 4377 1061 4451 utitub
1085 4393 1175 4466 boica.
1222 4390 1324 4451 Habui

91 4493 345 4558 honestissimum
368 4496 564 4572 stipendium
588 4511 684 4570 supra
708 4495 854 4554 iiors‘idb
876 4505 937 4552 nec
961 4493 1209 4563 arboretaboraa
1226 4491 1321 4568 qosar'u

91 4603 121 4658 ιιι
143 4615 186 4661 err·
204 4601 313 4664 officio
331 4601 495 4664 docerem
508 4592 646 4675 singuiis
671 4597 867 4664 dominicis,
893 4603 924 4654 et
943 4603 1093 4671 tempore
1116 4583 1324 4672 qirrrdr'ageii-

123 4710 216 4762 adpre..
237 4713 354 4750 astruunt.
1115 4702 1152 4756 20
