3116 5212
227 393 291 468 53⁰
440 475 444 484 .
744 403 927 468 turanum.

227 569 351 644 poteris
375 569 555 630 adscribere
579 569 674 629 etiam
700 577 839 626 veterum
866 569 945 626 scite
967 567 1071 628 dictis.
1117 571 1202 628 Bene
1230 569 1307 628 vale.
1334 571 1385 630 ii.
1401 571 1472 630 Da.

227 676 341 732 cembr.
371 676 459 734 tuta.
507 674 618 732 Worm.

230 1161 302 1220 551.
332 1157 521 1280 Q
566 1162 642 1232 (vot.
667 1161 702 1218 V.
724 1181 751 1235 p.
780 1155 862 1239 lau.)
1164 1161 1213 1214 ult
1239 1153 1346 1238 lul.(?t
1371 1158 1469 1217 1543.

685 1373 840 1440 Erusmn
868 1371 1055 1440 Surcerio.

299 1536 372 1586 Hauc
392 1539 534 1604 epistolam
555 1539 669 1606 primum
689 1539 770 1587 edidit
796 1538 861 1587 Rev.
882 1536 929 1584 Vir
948 1535 995 1584 Ge.
1017 1535 1065 1589 Ed.
1086 1533 1169 1586 Steitz
1192 1536 1219 1585 in
1239 1535 1469 1587 commentatione

337 1639 419 1689 supro
438 1641 466 1691 p.
486 1627 534 1675 172
554 1641 596 1689 sq.
616 1625 650 1674 ad
669 1640 712 1674 no.
731 1623 794 1676 239.
815 1623 926 1674 laudata
944 1637 971 1687 p.
984 1624 1027 1674 62.
1047 1620 1097 1671 sub
1116 1637 1160 1674 no.
1179 1622 1227 1675 tv,
1245 1649 1278 1658 -
1296 1620 1392 1671 Editor
1409 1621 1429 1673 l.
1450 1620 1469 1671 l.

334 1717 399 1760 nota
412 1713 438 1761 2.
458 1718 529 1760 recte
549 1711 659 1774 iudicat,
673 1709 908 1761 Melanchtltouem
926 1708 952 1757 iu
972 1707 1015 1757 die
1029 1707 1142 1770 „ultima
1160 1701 1239 1758 lulil“
1254 1708 1316 1757 huic
1335 1707 1471 1774 epistolae

332 1797 470 1864 adscripta
484 1813 590 1848 errasse
609 1805 635 1847 et
647 1813 696 1864 pro
708 1798 753 1846 illa
763 1797 805 1846 die
823 1795 1049 1860 legendumesse:
1064 1794 1176 1858 „ultima
1190 1793 1284 1844 Innii“.
1298 1792 1363 1842 Nam
1377 1792 1470 1842 ultima

332 1879 391 1930 lnlii
409 1881 597 1933 Melauclrthou
616 1899 668 1934 non
680 1883 797 1944 Bonane,
818 1883 866 1932 sed
885 1883 910 1930 in
930 1893 990 1929 arce
1004 1878 1101 1928 liunlrel
1114 1879 1271 1930 versabatur
1289 1875 1375 1946 (conl.
1388 1877 1470 1943 Corp.

332 1965 390 2018 uer.
409 1966 441 2015 V.
461 1982 487 2031 p.
504 1967 678 2034 151-153.);
704 1976 784 2031 atqua
809 1984 841 2017 ex
860 1966 976 2033 epistola
998 1965 1032 2015 ad
1050 1963 1234 2016 Schneiberum
1255 1963 1281 2014 d.
1299 1963 1325 2015 3.
1343 1963 1403 2013 iulii
1425 1964 1472 2012 da-

334 2060 363 2101 ta
390 2051 461 2116 (vide
481 2051 559 2120 Gorp.
578 2054 637 2104 Rei.
660 2059 691 2108 V.
712 2071 739 2121 p.
754 2051 842 2120 138.),
872 2053 916 2104 ubi
950 2052 1071 2102 eiusdem
1090 2051 1185 2117 scripti
1209 2051 1374 2102 Academiae
1396 2050 1471 2100 Colo

335 2138 438 2188 niensis
456 2156 486 2188 ec
505 2143 532 2189 iu
551 2141 602 2190 hac
623 2141 741 2208 epistola
759 2141 858 2192 mentio
877 2139 915 2204 flt,
935 2138 1104 2203 intelligitur,
1128 2139 1200 2188 istud
1220 2145 1321 2189 tetrum
1340 2139 1472 2205 scripturn

336 2240 351 2272 a
371 2224 468 2291 legatis
488 2227 606 2294 principi
629 2229 679 2277 inm
701 2233 814 2276 exeunte
833 2223 910 2276 Innio
929 2240 990 2275 esse
1009 2224 1168 2278 exhibitum.

232 2411 368 2493 Insigni
387 2414 540 2478 doctrina
564 2429 596 2478 et
615 2424 745 2500 pietate
765 2420 972 2479 ornatissimo
984 2420 1058 2476 niro
1080 2411 1126 2473 D.
1142 2411 1282 2476 Ernemo
1297 2414 1469 2489 Sorcerio,

540 2526 646 2584 amica
668 2541 736 2594 sun,
763 2517 938 2600 Philippa
960 2514 1158 2594 Melanthea

914 2639 943 2698 S.
969 2638 1002 2696 D.

318 2791 418 2854 Deum
442 2798 616 2866 aeternnm,
651 2802 770 2872 patrem
799 2794 926 2856 Domini
949 2794 1050 2855 nostri
1084 2795 1154 2856 lesu
1178 2794 1296 2856 Christi
1329 2814 1397 2866 oro,
1435 2805 1467 2858 nt
1555 2861 1556 2880 ἶ

232 2891 442 2956 ministerium
463 2903 548 2956 tuum
571 2901 724 2975 gubernet
748 2906 779 2958 et
801 2916 859 2959 nos
883 2914 994 2958 omnes
1016 2897 1154 2958 adiuvet.
1200 2896 1276 2958 Nam
1296 2898 1393 2958 rideo
1414 2899 1469 2959 hic
1555 2891 1556 2896 ’

234 3001 326 3059 nobis
339 2999 511 3059 certamina
526 3017 680 3062 crescere.
695 3001 771 3061 Heri
783 3001 917 3063 Senatus
928 2999 1129 3063 coloniensis
1141 3001 1240 3076 legati
1259 3001 1469 3064 exhibuerunt

233 3095 372 3179 principi
388 3099 449 3164 duo
462 3105 594 3180 scripta:
608 3107 743 3170 alterum
757 3106 851 3166 titulo
860 3103 1005 3174 Senatus,
1019 3105 1151 3164 alterum
1163 3104 1257 3170 titula
1266 3103 1471 3173 Academiae,

233 3208 265 3266 in
290 3206 402 3280 uiribus
424 3208 574 3270 atrociter
596 3208 828 3270 debacchantur
858 3208 891 3270 in
920 3209 955 3268 Ι).
979 3209 1132 3274 Bucaruru
1161 3214 1195 3271 et
1217 3224 1293 3270 me:
1332 3214 1371 3268 et
1388 3207 1469 3283 quod

232 3308 398 3370 ridiculum
415 3316 473 3380 est,
487 3313 650 3373 contemni
673 3312 705 3374 in
722 3329 781 3375 nos
803 3310 944 3382 crimino,
966 3327 1047 3388 quaa
1064 3310 1231 3374 maniiaste
1255 3327 1307 3372 res
1331 3312 1403 3387 ipsu
1425 3327 1469 3370 re-

232 3403 389 3483 lntat,nos
401 3411 506 3474 moliri
518 3414 708 3487 seditiones,
721 3413 1325 3493 quaererodolicianrotnptstes,opes.
1340 3413 1469 3474 Gaudeo

234 3521 340 3574 autem
362 3531 467 3576 mores
490 3526 617 3580 nostros
639 3519 742 3581 notos'
758 3537 831 3581 esse
852 3517 961 3580 multis
983 3517 1217 3592 praestantibus
1242 3517 1320 3578 viris
1348 3515 1381 3578 in
1405 3523 1470 3579 tota

165 3608 167 3613 ’
234 3617 412 3690 Germania,
436 3620 499 3680 imo
523 3628 555 3682 et
575 3624 657 3699 opud
681 3631 808 3686 exteras
831 3623 990 3685 nationes.
1023 3623 1068 3682 Te
1092 3639 1181 3698 rogo,
1204 3627 1250 3692 ut,
1274 3618 1469 3694 quadriennis,

233 3711 332 3781 Deum
359 3738 442 3793 ores,
464 3731 498 3783 ut
521 3743 579 3786 nos
602 3728 740 3787 adiuvet.
783 3728 884 3787 Valde
917 3724 1009 3786 nobis
1043 3726 1178 3788 iucunde
1198 3722 1259 3785 luit
1288 3725 1351 3787 hoc
1375 3723 1469 3786 biduo

235 3839 303 3882 cnm
327 3816 442 3901 Enipio
465 3830 681 3900 consuetudo,
699 3827 841 3912 ¹(cruam)
872 3828 967 3888 video
999 3829 1165 3904 praeclare
1187 3827 1374 3890 instructum
1398 3842 1468 3886 asse

222 3920 415 3996 eruditione
439 3947 502 3990 nou
524 3921 624 3993 solum
654 3931 684 3993 in
710 3933 892 4010 vulgaribus
914 3929 1108 4007 disciplinis,
1142 3931 1201 3992 sad
1220 3931 1320 3992 xetiam
1358 3931 1392 3993 in
1414 3929 1468 3990 Ec-

234 4026 417 4092 clesiastico
439 4032 591 4106 doctrina,
631 4043 663 4096 et
698 4053 737 4097 ex
761 4033 869 4097 animo
906 4035 1055 4110 amplecti
1091 4034 1258 4110 Evangelii
1289 4032 1468 4110 punitatem.
1553 4065 1554 4098 r

234 4135 336 4204 Quare
359 4133 423 4194 etsi
445 4133 541 4214 diligi
574 4146 646 4198 ate
671 4139 750 4210 scio,
783 4141 888 4200 temen
912 4138 1190 4198 commendandum
1214 4135 1274 4198 tibi
1311 4135 1400 4206 durni,
1438 4141 1469 4194 nt

234 4251 304 4295 mea
326 4249 421 4296 causa
443 4235 538 4299 etiam
562 4241 681 4317 aliquid
708 4239 814 4302 studii¹
834 4239 1146 4314 berrevolentiseqne
1167 4255 1243 4315 erga
1266 4236 1371 4313 ipsum
1395 4245 1468 4298 tuae

235 4338 340 4398 addas.
385 4341 576 4414 Benevola,
599 4344 710 4406 ultime
731 4342 836 4419 tulii¹l
878 4345 1007 4405 Bonuae
1033 4343 1123 4404 tcta.

753 4531 923 4547 w

234 4611 439 4632 *ΙΙ-*ι-ι--ι-ι

325 4707 350 4770 l)
370 4707 439 4774 lulii]
460 4707 564 4775 potins:
583 4707 660 4774 lunii,
679 4703 826 4762 secundum
845 4717 1003 4778 argumenta
1022 4711 1048 4760 iu
1067 4686 1270 4776 prolegomenis
1290 4701 1380 4759 allata.
