3120 5206
204 323 248 393 56
597 343 842 395 surrncuunrn
864 344 943 394 sum
973 345 1045 398 racc.

205 501 360 569 recitare,
392 515 482 574 quam
515 498 631 574 impios
663 504 695 557 et
725 499 911 559 manifestos
935 502 1050 560 abusus
1080 499 1111 559 in
1135 496 1290 558 Ecclesiis
1313 495 1453 569 quidam·
1542 527 1544 554 ι

205 603 388 672 docuerint,
413 618 544 677 quorum
566 601 712 676 pertinax
736 607 767 659 et
792 601 935 661 violenta
957 602 1103 662 defensio
1128 599 1274 676 praebuit
1298 597 1440 658 occasio·

206 717 277 764 nem
299 705 374 764 huic
396 703 541 763 dissidio.
585 701 687 773 Quare
712 703 828 762 nostris
852 703 1008 778 imputare
1032 721 1093 764 ncn
1117 703 1283 762 debebant.

289 803 336 866 Ad
364 805 444 865 baec
474 819 637 880 speramus
667 806 754 874 fore,
783 806 844 865 deo
877 807 1022 874 volente,
1053 805 1084 865 in
1115 805 1176 864 boc
1199 809 1374 871 conventu,
1406 809 1442 861 ut

205 908 236 966 C.
261 907 297 966 M.
321 907 446 976 audiat,
478 907 582 981 qtralis
606 909 648 968 sit
671 908 830 978 doctrina,
861 925 943 983 quite
967 909 999 967 iir
1024 915 1131 969 nostra
1154 909 1276 967 ditione
1299 906 1442 972 docetur,

205 1025 274 1068 curn
305 1026 368 1070 non
400 1009 503 1068 nrirrus
534 1009 626 1069 nobis
659 1007 807 1091 licebit¹)
840 1017 978 1071 nostram
1013 1010 1215 1086 opinionem,
1250 1024 1343 1082 quam
1368 1007 1443 1068 aliis

204 1108 404 1186 principibus
434 1117 464 1168 et
496 1112 625 1185 populis
654 1112 765 1171 licebit
800 1127 874 1171 suas
913 1113 1085 1187 opiniones
1120 1126 1318 1186 proponere,
1354 1109 1445 1168 iuxta

203 1212 307 1272 Edicti
332 1214 442 1280 verba,
472 1230 534 1287 quo
560 1219 734 1272 conventus
765 1213 933 1282 indicitur,
964 1213 1224 1289 quaemadmodum
1244 1218 1285 1270 'et
1309 1211 1444 1270 obedire
1541 1251 1546 1270 i

206 1316 237 1373 C.
260 1312 297 1372 Μ.
322 1332 379 1390 pro
403 1321 511 1375 nostro
535 1315 643 1376 officio
670 1316 769 1391 parati
792 1319 908 1376 sturnus.

289 1415 399 1490 Neque
422 1418 696 1478 existimassemns
720 1419 896 1479 malevolos
921 1425 1047 1478 nostros
1078 1436 1160 1479 rrunc
1182 1417 1285 1477 Edicli
1308 1418 1444 1476 mentio-

206 1534 277 1579 nem
299 1519 437 1579 facturos
461 1519 580 1588 fuisse,
613 1522 708 1580 etiam
732 1521 760 1579 si
784 1521 859 1596 quid
884 1522 914 1580 in
940 1527 1047 1580 nostra
1072 1526 1160 1595 parte
1185 1525 1319 1578 erratum
1344 1525 1444 1586 esset,

206 1621 290 1697 quod
312 1628 416 1680 tamen
441 1622 566 1681 ostendi
591 1641 652 1682 non
677 1625 810 1698 poterit,
844 1625 920 1698 qrria
943 1625 974 1682 iu
999 1624 1118 1691 literis,
1154 1623 1269 1696 quibus
1292 1619 1457 1680 indicitur
1546 1647 1547 1656 κ

205 1729 397 1791 conventuS,
429 1724 460 1782 C.
484 1725 521 1782 M.
547 1722 724 1800 significet,
757 1739 791 1784 se
824 1726 855 1785 in
886 1727 947 1784 hoc
978 1730 1136 1784 conventu
1161 1723 1244 1782 velle
1275 1737 1372 1798 agere
1403 1723 1445 1781 de

204 1826 266 1884 hcc
288 1824 424 1884 dissidio
449 1827 685 1901 componendo,
710 1833 741 1885 et
756 1843 817 1901 quo
840 1827 870 1886 id
887 1827 958 1886 fieri
974 1827 1088 1885 onelios
1105 1833 1137 1884 et
1152 1825 1310 1886 salubrius
1326 1826 1446 1898 possit,
1547 1907 1548 1916 ἵ

205 1925 287 2001 petit
302 1927 478 1986 discordias
498 1929 612 1998 omitti,
636 1928 813 1990 simultates
839 1928 968 2005 deponi,
995 1929 1168 2003 praeterita
1191 1932 1293 1986 errata
1316 1927 1445 1986 Christo

206 2027 357 2088 salvatori
383 2035 491 2089 nostro
511 2031 700 2102 condonari,
725 2039 757 2090 et
771 2032 973 2108 diligentiam
990 2029 1153 2098 adhiberi,
1177 2036 1211 2087 ut
1226 2030 1319 2088 unius
1336 2031 1444 2088 cuius-

206 2145 268 2205 que
291 2129 402 2204 opinio
426 2131 586 2201 audiatur,
610 2139 821 2210 cognoscatur
845 2138 876 2191 et
900 2131 1113 2208 expendatur,
1143 2138 1175 2188 et
1199 2130 1345 2206 componi
1370 2149 1444 2191 cort-

205 2231 379 2291 troversfas
402 2249 439 2292 ac
462 2233 564 2310 redigi
587 2236 626 2294 ad
649 2251 741 2295 umam
765 2235 970 2294 christianam
995 2233 1179 2300 veritatem,
1216 2239 1248 2290 et
1271 2231 1444 2290 euterrden-

205 2340 254 2395 tur
278 2333 400 2402 omnia,
425 2351 506 2409 quae
530 2337 562 2394 in
587 2343 719 2411 utraque
745 2343 832 2413 parte
856 2337 936 2396 falso
962 2336 1110 2410 exposita
1132 2341 1185 2394 arnt
1205 2339 1337 2393 tractata
1356 2341 1443 2403 sunt,

206 2436 467 2511 quamadmodum
491 2438 521 2497 C.
547 2439 583 2498 M.
608 2442 780 2499 clementer
809 2437 952 2499 meminit
982 2438 1079 2496 verba
1101 2437 1279 2505 literarum,
1315 2441 1346 2494 et
1370 2454 1443 2510 pro-

205 2543 276 2614 pter
297 2539 354 2599 has
379 2541 571 2600 clementiss.
595 2542 704 2602 literas
726 2543 814 2602 Caes.
829 2540 868 2600 Μ.
893 2543 991 2600 multo
1016 2539 1118 2599 minus
1142 2537 1248 2598 decuit
1271 2539 1352 2600 istos
1368 2555 1443 2598 cau-

205 2657 270 2700 sam
295 2655 399 2715 neque
429 2642 584 2713 cruditam,
615 2657 720 2718 neque
749 2643 907 2720 cognitam
939 2641 1148 2701 condemnare
1177 2647 1325 2714 tanqrram
1356 2653 1443 2698 erro-

206 2755 315 2810 neam,
338 2749 373 2801 ut
395 2742 488 2804 nobis
512 2746 595 2820 apud
619 2748 650 2805 C.
674 2744 712 2804 M.
735 2746 909 2805 conflarent
933 2743 1049 2804 odium.

292 2843 381 2914 Quod
406 2861 480 2905 vero
505 2848 589 2922 apud
610 2849 643 2907 C.
665 2847 702 2907 Μ.
728 2850 826 2908 multo
850 2847 1000 2907 infestius
1024 2851 1174 2906 occursant
1197 2863 1256 2904 uos
1279 2827 1445 2912 malevoli,

207 2945 291 3020 quod
314 2963 383 3006 cum
406 2945 497 3017 aliis,
531 2951 585 3024 qui
614 2951 647 3010 in
676 2951 775 3011 simili
805 2966 901 3009 causa
926 2949 1103 3008 Caesareae
1128 2947 1166 3006 lvl.
1196 2963 1258 3006 uon
1282 2946 1445 3014 obediant,

206 3052 316 3109 contra
337 3048 480 3109 Edictum
504 3052 535 3110 C.
557 3051 595 3112 Μ.
620 3054 807 3114 societatem
834 3059 866 3112 et
889 3052 1021 3112 foedera
1043 3051 1230 3119 fecerimus,
1255 3055 1287 3108 et
1302 3049 1378 3108 illos
1393 3049 1446 3108 ad-

206 3151 268 3210 buc
298 3156 444 3225 tanquam
474 3161 568 3229 caput
596 3163 819 3216 sustentemus.
874 3155 923 3215 Ad
946 3155 1026 3214 haec
1049 3153 1245 3229 respondere
1268 3167 1390 3210 summa
1415 3157 1446 3208 et

207 3253 388 3314 inevitabili
410 3256 606 3317 necessitate
629 3260 785 3336 cogimur,
821 3258 906 3334 quod
935 3273 1029 3317 nemo
1060 3257 1091 3318 iu
1115 3261 1182 3316 toto
1208 3254 1343 3331 imperio
1370 3268 1447 3312 vare

206 3357 268 3415 hoc
297 3355 405 3416 dicere
441 3364 494 3417 aut
524 3362 694 3420 ostendere
731 3367 843 3436 posset
878 3359 964 3434 apud
993 3361 1025 3418 C.
1050 3359 1106 3427 tlt,
1142 3358 1226 3433 quod
1255 3363 1308 3416 aut
1337 3355 1447 3415 Frater

206 3463 315 3518 noster
337 3459 370 3517 B.
393 3458 431 3518 ld.
462 3467 515 3519 aut
543 3481 603 3522 nos
626 3463 743 3523 fiducia
772 3463 869 3522 ullius
893 3461 1034 3521 foederis
1058 3462 1198 3537 amplexi
1221 3460 1320 3520 simus
1342 3458 1444 3518 Evan-

207 3560 334 3652 gelium.
381 3563 634 3624 Consentaneum
658 3573 723 3634 est,
759 3571 791 3624 et
814 3565 896 3625 alios
927 3572 1059 3639 propter
1081 3564 1274 3624 voluntatem
1304 3559 1357 3620 dei
1381 3578 1445 3622 am-

208 3663 320 3739 plexos
344 3679 418 3724 esse
441 3666 522 3727 hanc
545 3667 735 3738 doctrinam,
765 3686 827 3728 non
852 3673 983 3744 propter
1002 3665 1149 3727 fiduciam
1175 3666 1268 3727 ullius
1290 3664 1445 3725 foederis.

292 3763 372 3834 Quia
400 3771 505 3827 tamen
535 3771 596 3828 hcc
624 3770 752 3829 nomine
783 3777 930 3829 accusant
960 3786 1018 3828 nos
1050 3768 1134 3843 apud
1157 3769 1188 3826 C.
1213 3767 1250 3826 M.
1283 3765 1445 3836 malevoli,

208 3872 241 3926 ut
264 3881 305 3926 ex
328 3868 536 3930 instructione
561 3871 698 3948 intelligi
722 3878 839 3947 potest,
870 3889 1015 3948 rogamus
1040 3888 1109 3930 cum
1132 3869 1240 3956 debita
1263 3869 1446 3928 reverentia

209 3976 239 4030 et
262 3970 464 4041 obedientia,
486 3979 521 4032 ut
545 3975 633 4033 Caes.
647 3973 685 4033 Μ.
712 3974 792 4032 velit
815 3975 867 4034 hic
891 3976 1064 4044 clementer
1087 3973 1198 4033 audire
1221 3971 1445 4030 defensionem

208 4079 347 4132 nostram
370 4080 402 4132 et
425 4089 552 4144 eorum,
577 4077 632 4150 qui
654 4093 716 4136 uua
738 4083 933 4146 accusantur,
958 4077 986 4136 si
1002 4077 1056 4151 qui
1072 4075 1301 4151 inpraesentia
1316 4089 1444 4134 accusa-

208 4176 285 4234 bunt
307 4173 420 4258 nos'),
453 4177 507 4237 ubl
531 4179 620 4238 Caes.
644 4179 680 4238 ll.
704 4180 744 4240 ad
767 4180 893 4240 illorum
916 4180 1172 4246 accusationem,
1203 4175 1312 4236 audita
1335 4182 1445 4237 nostra

296 4327 324 4391 1)
349 4327 455 4395 licebit]
480 4330 520 4380 sic
540 4329 646 4396 enarra
666 4331 693 4380 in
713 4338 820 4398 autogr.
840 4333 954 4397 legitur:
974 4333 1057 4383 lrabet

295 4413 323 4477 2)
348 4413 393 4463 hic
412 4415 560 4466 clementer
579 4417 673 4468 audire
691 4445 726 4455 -
744 4419 911 4470 accusabunt
931 4417 1007 4484 nos,]
1035 4418 1102 4468 haec
1128 4415 1287 4485 Spoletinus
1314 4420 1341 4468 iu
1369 4426 1446 4472 auto·

209 4499 315 4567 grapho
333 4499 361 4549 ic
380 4501 503 4564 margine
523 4502 687 4570 adscripsit,
712 4503 811 4558 deletis
830 4504 1050 4556 Melanchtlmnis
1068 4505 1183 4573 verbis:¹
1211 4521 1285 4570 „nos
1310 4517 1364 4555 una
1383 4521 1444 4556 cum

210 4586 271 4636 aliis
290 4586 336 4649 qui
354 4584 435 4635 simul
455 4595 617 4640 accusantur
635 4591 829 4656 praesentibus
850 4591 988 4642 malevolis
1008 4591 1051 4641 hic
1070 4591 1215 4642 clementer
1235 4592 1360 4655 audlrc‚“
