3072 5208
492 345 738 398 sorncemmn
763 345 845 399 nunt
866 351 940 403 aaa
1266 335 1333 408 243

113 515 176 558 esse
202 502 238 559 ad
269 502 402 560 salntem
434 502 516 560 oanni
552 501 704 563 credenti.
757 508 803 563 Ac
830 506 899 564 Deo
929 505 1049 580 gratias
1078 507 1219 583 agimus,
1250 510 1334 584 quod

112 605 248 662 immensa
279 603 500 663 misericordia
531 620 568 663 ex
602 621 714 664 arcana
747 607 824 665 sede
853 623 911 666 sua
934 608 1092 681 'prodiens
1118 626 1153 669 se
1180 610 1334 686 poteiecit

110 705 207 782 generi
231 709 383 775 humano,
415 704 568 764 etlilium
590 706 694 776 misit,
734 715 768 766 ut
799 725 854 783 pro
879 711 971 768 nobis
994 709 1124 771 victima
1152 713 1252 772 fieret.
1297 713 1335 772 m

110 809 249 868 cantianus
277 808 455 885 praecipue
484 810 545 868 boc
575 809 715 868 cilicium
746 813 785 869 ab
809 809 954 870 omnibus
977 811 1162 874 hominibus
1185 816 1333 892 flagitari,

109 920 137 969 ut
157 915 232 973 baec
254 911 414 973 beneficia
435 911 498 972 Dei
521 920 695 988 agnoscant
720 921 750 972 et
775 915 945 976 celebrent.
969 922 1007 975 ut
1028 917 1111 978 loan.
1130 919 1177 977 14.
1202 918 1333 978 dicitur:

110 1013 138 1072 Si
158 1013 226 1088 orris
249 1013 357 1090 diligit
381 1029 447 1082 me,
471 1029 649 1074 sermonem
670 1031 776 1074 meum
807 1017 964 1086 servabit,
1001 1025 1032 1077 et
1056 1027 1147 1095 pater
1170 1036 1261 1080 maus
1285 1020 1331 1080 di»

110 1117 179 1191 liget
202 1133 286 1186 eum,
319 1124 349 1175 et
374 1118 412 1177 ad
436 1134 508 1175 cum
531 1117 713 1186 veniemus,
745 1125 776 1176 el
800 1121 996 1180 mansionem
1027 1123 1112 1196 apud
1143 1137 1214 1182 eum
1238 1125 1333 1184 facie

109 1237 183 1278 mas:
216 1219 276 1289 om
298 1237 361 1279 nan
382 1219 492 1296 diligit
516 1235 583 1288 me,
618 1237 781 1280 sermones
805 1237 894 1281 meos
916 1239 979 1282 non
1003 1232 1118 1284 servat.
1164 1224 1211 1286 stt
1236 1225 1333 1303 igitur

109 1325 199 1398 prima
227 1341 301 1384 cura
332 1324 468 1384 tuendae
499 1321 683 1400 puritatis¹l
712 1325 897 1401 Evangelii,
944 1341 1001 1386 nec
1031 1331 1154 1390 sumant
1185 1330 1246 1390 sibi
1275 1329 1335 1390 ulli

14 1467 15 1488 2
109 1427 243 1486 homines
274 1433 328 1488 aut
358 1427 463 1503 angeli
495 1433 611 1486 tantam
641 1427 823 1496 audaciam,
854 1435 888 1487 nt
917 1435 1047 1489 aeterna
1077 1431 1206 1491 decreta
1235 1432 1296 1492 Dei
1308 1430 1333 1512 ²)

14 1559 15 1612 j
109 1537 314 1605 corrumpant,
344 1537 397 1588 aut
428 1529 602 1605 mulenl⁸),
634 1531 716 1589 sicut
747 1529 841 1590 initio
874 1529 952 1590 fecit
977 1531 1140 1603 diabolus,
1173 1534 1336 1595 Hevama

109 1632 225 1693 decreto
249 1633 361 1692 divino
385 1633 561 1702 abducens,
594 1640 625 1692 el
649 1640 763 1710 postea
788 1635 934 1692 omnibus
959 1635 1077 1694 seculis
1100 1637 1244 1697 iecerunt
1268 1637 1335 1698 ido-

110 1736 197 1796 lorum
222 1743 252 1796 et
278 1738 445 1812 impiorum
467 1737 646 1813 dogmatum
671 1739 846 1797 architecti.

182 1855 246 1915 Nec
276 1873 383 1916 sumus
413 1856 493 1916 adeo
525 1857 619 1917 rudes
642 1859 728 1918 vilae
752 1856 941 1926 communis,
976 1875 1045 1917 cum
1069 1857 1196 1931 quidem
1222 1867 1251 1920 et
1276 1877 1333 1921 nos

110 1957 283 2018 diillcilibus
299 1961 562 2036 tempestatibus,
587 1961 655 2019 Deo
672 1959 820 2029 iuvante,
845 1975 992 2036 regamus
1010 1968 1134 2020 nostras
1152 1960 1335 2047 politias'⁴),

110 2069 215 2122 utnon
240 2061 476 2138 intelligamus,
508 2070 656 2138 qrnanntum
687 2065 801 2123 bonnm
831 2061 873 2120 sit
904 2061 980 2122 ordo
1004 2061 1175 2139 politicus,
1206 2072 1236 2125 el
1260 2084 1336 2126 con-

111 2167 207 2225 cordia
231 2167 263 2225 in
289 2166 425 2244 singulis
450 2165 573 2243 regniS,
598 2173 630 2225 et
655 2174 771 2241 quanta
797 2166 897 2226 virtus
922 2167 964 2226 sil
989 2182 1115 2236 cavere,
1139 2184 1179 2226 ne
1201 2175 1334 2241 temere,

111 2285 144 2326 ne
165 2285 284 2339 errore,
308 2265 348 2328 ne
373 2268 478 2329 causis
502 2287 563 2329 non
590 2269 681 2328 valde
706 2269 899 2330 necessariis
925 2269 994 2328 eius
1020 2269 1143 2329 ordinis
1167 2271 1335 2333 inarmonia

112 2373 249 2432 turbetur.

186 2479 297 2535 Amant
321 2492 431 2535 omnes
456 2484 486 2535 et
509 2483 697 2536 venerentur
721 2475 872 2552 imperia,
897 2477 952 2536 sed
979 2482 1108 2552 propter
1130 2467 1247 2548 Dauni,
1281 2474 1335 2553 qui

113 2593 142 2634 se
164 2579 192 2638 iu
216 2578 363 2655 imperiis
387 2586 474 2638 recte
499 2580 570 2638 coli¹
587 2579 698 2649 iussit,
724 2599 783 2639 non
809 2595 950 2640 amernus
967 2579 1102 2654 imperia
1121 2587 1249 2639 extruso
1265 2580 1335 2640 Deo

112 2689 226 2752 autore,
251 2698 310 2742 nec
329 2689 476 2760 putemus
492 2683 572 2741 banc
592 2680 755 2742 hominnm
776 2682 963 2742 societatem
981 2687 1099 2742 lantum
1113 2679 1188 2741 ide'o
1205 2681 1336 2751 coiisse,

112 2791 140 2840 nt
153 2785 272 2845 collatis
295 2779 403 2860 operi's
419 2789 571 2858 quaerant
586 2787 785 2860 voluptates,
811 2792 842 2844 el
860 2801 966 2844 earnm
983 2785 1200 2854 instrumenta,
1225 2785 1336 2859 quales

111 2885 224 2946 lrrerant
248 2883 397 2947 civitates
422 2887 574 2956 Sodoma,
605 2889 752 2962 Sybaris,
783 2889 929 2956 Thebae,
956 2895 987 2945 et
1010 2889 1142 2948 similes.
1188 2888 1251 2947 Sed
1273 2887 1336 2947 sint

112 2985 234 3062 imperia
257 2991 376 3064 templa
398 2989 475 3058 Dei,
507 2998 537 3048 ct
567 2990 605 3049 ad
637 2991 697 3049 ltoc
728 2990 867 3050 officium
892 2987 1067 3065 praecipue
1091 2989 1238 3049 conditos
1264 3005 1336 3050 esse

112 3089 245 3152 llornines
269 3108 496 3169 agnoscamus,
519 3101 554 3151 ut
570 3093 631 3152 Dei
656 3093 769 3153 notitia
795 3091 824 3151 in
851 3091 898 3150 eis
922 3093 1043 3160 luceat,
1068 3099 1100 3150 et
1123 3097 1333 3168 congregatos

114 3206 177 3252 csse
199 3195 371 3264 divinitus,
397 3202 428 3254 et
452 3197 640 3255 societatem
664 3197 815 3254 mirandis
841 3193 976 3266 vinculis
1000 3195 1236 3270 gener·ationiS‚
1261 3193 1336 3253 edu-

113 3297 246 3366 cationis,
271 3297 460 3368 olficiornm,
485 3306 709 3367 contractuum,
741 3295 992 3374 gubernationis,
1017 3297 1216 3357 defensionis
1241 3314 1332 3373 copu-

113 3397 194 3458 latam
225 3417 316 3472 esse,
348 3409 381 3461 nt
405 3419 509 3462 veram
539 3401 599 3462 Dei
628 3401 775 3460 notitiam
808 3398 952 3459 docendo
984 3405 1012 3458 el
1046 3401 1244 3469 coufitendo,
1280 3398 1338 3460 alii

114 3500 177 3561 aliis
200 3503 402 3576 tradamus⁵t
437 3501 484 3564 Sit
508 3503 606 3580 igilur
628 3507 689 3563 hoc
713 3505 921 3580 praecipuum
939 3503 1077 3561 oificinm
1095 3501 1125 3561 in
1142 3503 1218 3571 vita,
1241 3503 1337 3579 longe

113 3607 340 3667 anteferendum
377 3606 443 3666 otio
477 3613 506 3666 el
535 3607 759 3682 tranquillitati
795 3605 1015 3682 imperiorum,
1054 3621 1157 3664 veram
1193 3605 1232 3662 de
1268 3605 1336 3664 Deo

114 3706 273 3770 doctrinam
299 3711 425 3770 discere
450 3718 481 3769 et
505 3712 597 3769 tueri.

189 3829 354 3918 Secundo,
379 3831 446 3914 alii
466 3850 523 3890 nos
557 3830 738 3908 vituperant
770 3829 970 3898 callidiores,
1007 3828 1060 3903 qui
1092 3847 1160 3887 cum
1191 3825 1337 3887 dissimu·

114 3927 204 4010 lcnl⁰l
227 3951 261 3996 se
287 3951 362 3994 esse
385 3914 514 4004 atheos,
539 3935 677 4012 studium
702 3935 869 4010 religionis
892 3947 970 4008 prae
995 3947 1030 3989 se
1054 3932 1173 4022 lerunt,
1199 3937 1229 3988 et
1253 3947 1337 3988 arro-

115 4100 308 4119 Ἢ

195 4205 219 4270 l)
244 4203 386 4275 puritatis]
414 4209 563 4260 Seclrentl.t
583 4207 708 4260 veritatis

110 4285 112 4292 ’
192 4291 218 4357 2)
242 4297 351 4346 decreta
371 4295 432 4361 nel]
451 4295 596 4347 Seclrenvl.t
616 4295 664 4346 Dei
686 4289 796 4346 decreta

146 4397 149 4402 ·
193 4381 220 4446 3)
246 4391 292 4434 aut
310 4381 445 4450 mutant,]
466 4385 539 4450 apud
558 4383 692 4436 Seclrend.
708 4383 822 4434 desunt.
844 4396 847 4404 ·

194 4469 221 4534 4)
246 4487 271 4521 n.
292 4467 433 4536 politias‚]
454 4469 601 4520 Seclrand.:
623 4485 649 4518 u.
671 4469 803 4519 ecclesias
823 4472 849 4515 ot
868 4463 990 4532 politiae,

193 4555 219 4619 5)
245 4555 409 4620 tradamus]
429 4555 576 4606 Scclrend.:
596 4555 715 4605 tradant.

195 4639 222 4704 6)
245 4639 431 4708 dissimulent]
451 4639 599 4692 Seclrend.:
625 4640 799 4691 dissimulant
