3072 5208
239 343 306 416 252
633 363 879 416 avertentium
898 363 981 416 nnrn
1001 365 1075 417 rare.

240 521 325 581 cium
349 521 529 600 pertinere,
553 537 593 580 ne
618 521 649 580 in
676 521 784 578 revel
809 519 872 579 sibi
896 521 1045 595 probata,
1076 522 1127 579 vel
1159 520 1274 590 dubia,
1304 521 1455 582 saevitiam

241 632 406 693 exerceat,
431 631 485 684 aut
508 623 654 692 adiuvet,
678 639 771 682 nemo
795 621 887 682 nobis
912 621 996 682 iuste
1020 639 1210 683 succensere
1235 631 1358 700 potest,
1386 625 1455 698 quod
1516 687 1517 698 p

239 727 413 796 saevitiae,
438 742 519 802 qnae
543 726 672 800 quidem
695 743 713 784 a
736 728 961 785 monachorum
984 726 1092 784 lurore
1114 732 1143 784 et
1160 725 1348 786 Pontificum
1363 745 1456 802 snper·
1510 772 1515 783 .

239 829 294 889 bia
317 838 474 898 orta-est,
498 828 581 889 socii
605 845 678 888 esse
701 828 880 888 noluimus:
905 828 960 888 sed
983 836 1017 887 ut
1034 829 1201 898 lonathas,
1226 829 1456 890 hominesinno-

242 939 368 1002 centes,
402 933 491 1009 pios,
521 933 650 1001 doctos,
679 932 780 992 Deum
811 931 998 992 invocantes
1028 949 1085 1008 pro
1115 931 1226 1001 nobis,
1256 932 1381 992 utiliter
1407 949 1457 991 ser·
1510 951 1515 985 r

240 1034 367 1094 vientes
395 1033 562 1096 Ecclesiae
592 1035 747 1104 teximus,
779 1034 969 1111 praesertim
999 1053 1069 1096 cum
1101 1053 1158 1095 nos
1192 1035 1307 1104 etiam,
1344 1034 1407 1112 utu
1432 1051 1457 1093 re

243 1137 400 1207 iudicata,
424 1155 551 1198 causam
573 1140 786 1216 probaremus.

325 1241 402 1302 Nam
431 1259 500 1301 curn
528 1241 697 1301 Pontifices
728 1241 845 1300 millam
875 1239 1050 1317 legitimam
1083 1240 1299 1316 cognitionem
1331 1240 1458 1300 institue-

243 1351 327 1413 rent,
367 1352 397 1402 et
428 1343 626 1404 manifestam
658 1344 826 1404 veritatem
855 1345 1056 1412 damnarent,
1096 1350 1128 1402 et
1158 1359 1271 1420 magna
1301 1343 1459 1420 asperitate

242 1445 454 1507 idolomanias
478 1448 674 1518 stabilirent,
699 1445 858 1508 assentire
870 1443 895 1524 ¹)
917 1445 1049 1506 iniustis
1076 1446 1208 1506 iudiciis
1227 1465 1288 1507 non
1304 1446 1459 1523 potuimus.

328 1548 430 1618 Quare
460 1549 515 1610 diu
544 1549 705 1627 disputata
735 1566 768 1608 re
800 1556 831 1607 et
861 1549 1052 1608 deliberata
1074 1567 1143 1608 curn
1175 1549 1310 1610 erarditis
1342 1558 1371 1608 et
1398 1550 1460 1625 piis,

218 1653 304 1710 ‘hoc
315 1649 339 1734 ⁸)
364 1652 528 1714 doctrinae
552 1670 670 1730 genoe,
703 1652 787 1727 qarod
818 1667 915 1712 unum
946 1651 1118 1728 diligenter
1149 1653 1360 1713 consideratis
1382 1651 1460 1712 fonti-

241 1757 318 1822 hus,
346 1754 378 1814 id
403 1762 467 1825 est,
484 1755 631 1833 scriptis
654 1756 855 1832 Propheticis
880 1763 911 1814 et
934 1755 1151 1830 Apostolicis,
1181 1763 1211 1815 et
1245 1757 1362 1816 collata
1389 1754 1460 1815 omni

243 1857 452 1931 antiquitate,
475 1858 619 1918 videmus
644 1873 717 1919 esse
742 1867 932 1934 perpetuum
957 1874 1147 1918 consensum
1173 1858 1351 1919 catholicae
1369 1857 1461 1918 Eccle-

244 1961 312 2020 siae
335 1960 412 2029 Dei,
445 1962 506 2021 hoc
537 1969 602 2031 est,
633 1961 773 2022 omnium
806 1961 1001 2021 eruditorum
1036 1970 1068 2021 et
1100 1961 1240 2037 piorum,
1273 1962 1459 2038 quitaverunt

244 2063 389 2122 omnibns
413 2064 532 2124 seculis
556 2066 586 2124 in
610 2063 755 2125 Ecclesia
777 2066 853 2124 Dei:
878 2065 965 2138 quod
990 2064 1118 2139 quidem
1143 2067 1173 2124 in
1200 2063 1369 2141 Symbolis,
1391 2067 1462 2138 Apo-

243 2166 376 2235 statim,
412 2167 532 2227 Niceno
563 2175 594 2226 et
621 2167 839 2228 Athanasiano
870 2168 1012 2246 breviter
1045 2169 1311 2244 comprehensum
1343 2176 1402 2237 est,
1436 2171 1461 2222 et

243 2269 540 2343 probatissimorum
563 2271 751 2345 scriptorum
776 2277 848 2345 post
869 2271 1042 2347 Apostolos
1069 2269 1254 2330 testimonia
1277 2271 1381 2338 habet,
1403 2287 1462 2344 prn-

243 2377 314 2448 pter
335 2373 470 2448 gloriam
493 2373 554 2432 Dei
579 2381 610 2432 et
635 2374 769 2434 salutem
793 2381 931 2434 nostram
954 2372 1095 2447 amplexi
1120 2390 1235 2433 sumus.
1271 2371 1391 2432 Scimus
1412 2390 1462 2430 non

245 2473 517 2555 esseggignennas
541 2493 639 2536 novas
663 2475 835 2552 opiniones
858 2476 898 2534 de
922 2477 1008 2546 Deo,
1037 2483 1070 2536 ut
1095 2474 1309 2535 audacissime
1334 2475 1463 2534 iecerunt

245 2577 382 2638 cultores
406 2579 580 2648 idolorum,
606 2585 636 2638 et
659 2577 865 2653 Philosophi,
901 2587 932 2638 et
955 2578 1046 2639 multi
1067 2577 1202 2660 fanatici
1223 2577 1385 2638 homines:
1415 2577 1462 2635 sed
1523 2645 1524 2650 γ

244 2688 427 2740 reverenter
449 2683 566 2741 tuenda
589 2689 637 2740 est
660 2682 753 2741 unica
777 2680 937 2750 doctrina,
961 2684 992 2740 in
1017 2697 1079 2754 qua
1093 2681 1179 2740 Deus
1204 2677 1275 2755 ipse
1299 2677 1462 2739 illustribus
1523 2657 1524 2696 ³

245 2785 440 2844 testimoniis
464 2801 500 2844 se
522 2785 685 2861 patefecit.

328 2886 402 2946 idco
435 2889 551 2947 nullam
582 2905 694 2948 novam
727 2887 911 2963 opinionem
941 2888 1078 2962 proponi
1110 2888 1141 2946 in
1172 2887 1329 2948 Ecclesiis
1361 2887 1464 2948 nostris

244 2991 333 3067 passi
357 3005 473 3050 sumus.
519 2991 579 3052 Sed
606 2999 762 3059 veterem,
795 3005 919 3058 veram,
948 2997 980 3049 et
1003 2989 1128 3049 urticam
1150 2989 1319 3049 Ecclesiae
1341 2991 1398 3051 Dei
1419 2989 1464 3047 do-

246 3096 376 3154 ctrinam
401 3094 616 3170 incorruptam
638 3095 833 3170 profitemur.
882 3096 926 3154 Ac
949 3097 982 3152 ut
1007 3092 1083 3152 sciri
1109 3093 1228 3168 possit,
1254 3093 1466 3168 qttaenamilla

246 3199 304 3266 sit,
329 3205 417 3258 extat
440 3199 601 3259 confessio
624 3205 732 3258 nostra
755 3201 918 3273 Augustae
944 3195 1103 3265 exhibita,
1132 3211 1214 3270 qnae
1239 3212 1389 3256 summam
1408 3197 1465 3255 bre-

246 3300 327 3361 viter·
350 3301 507 3361 continet:
533 3317 624 3375 quam
648 3301 775 3374 quidem
799 3292 976 3375 congruere
1000 3297 1038 3358 ad
1064 3298 1223 3374 symbola,
1248 3298 1465 3374 Apostolicnm‚

246 3403 414 3471 Nicenum,
444 3409 474 3462 el.
497 3403 763 3471 Athanasiannm,
798 3409 830 3461 et
860 3403 899 3461 ad
928 3409 1113 3478 perpetuam
1144 3400 1338 3462 sententiam
1369 3402 1465 3478 proba·

246 3505 442 3566 tissimorum
473 3509 680 3584 scriptorum,
709 3507 763 3580 (μή
794 3504 827 3565 in
855 3504 1002 3564 Ecclesia
1030 3511 1105 3581 post
1134 3505 1308 3581 Apostolos
1345 3505 1465 3568 luerunt,

248 3626 308 3668 non
339 3610 467 3670 dubium
498 3619 562 3680 est,
594 3609 738 3670 simodo
763 3609 875 3669 dextre
901 3615 933 3667 et
959 3627 1018 3667 non
1051 3609 1247 3668 calumniose
1277 3608 1318 3667 de
1349 3607 1465 3682 scripto·

247 3713 332 3771 rihus
357 3713 422 3774 illis
448 3713 613 3774 iudicetur.

330 3815 369 3875 Et
392 3817 572 3891 quicunque
598 3823 687 3876 erunt
711 3823 861 3883 erantne,
885 3815 954 3874 Deo
978 3819 1108 3872 aeterno
1133 3812 1216 3889 patri
1230 3813 1361 3874 Domini
1381 3809 1466 3872 nostri

247 3921 319 3981 lesu
343 3921 462 3982 Christi
485 3922 604 3998 gratias
628 3921 751 3997 agimus
773 3937 831 3998 pro
854 3920 914 3978 hac
938 3915 1105 3994 Evangelii
1129 3919 1200 3976 luce
1211 3915 1253 3998 ⁴),
1292 3935 1373 3993 quae
1395 3932 1466 3975 mon-

248 4031 325 4084 strat
350 4040 455 4083 veram
479 4023 714 4084 invocationem
729 4022 809 4092 Dei,
834 4028 865 4082 et
888 4023 1008 4082 firmam
1025 4020 1280 4081 consolationem
1297 4021 1467 4080 animorum.

249 4133 277 4184 et
309 4144 448 4188 normam
479 4129 584 4196 vitae,
621 4141 702 4200 quae
734 4143 783 4185 res
814 4127 960 4185 omnihus
992 4123 1074 4183 inter
1103 4139 1222 4184 summa
1254 4125 1338 4183 bona
1367 4122 1467 4180 duceri·

248 4230 307 4287 dae
331 4237 409 4288 sunt.

334 4399 362 4466 1)
386 4399 428 4466 ut]
450 4401 521 4468 apud
541 4398 674 4450 Seckend.
694 4399 780 4450 deest.

335 4486 364 4551 2)
391 4485 538 4550 assentire]
559 4484 704 4535 Sathena:
727 4485 855 4534 assentiri

337 4575 366 4636 a)
390 4571 452 4637 hoc]
474 4571 543 4638 Opp.
564 4571 640 4626 Mel:
661 4577 687 4620 et
706 4571 756 4621 hoc

335 4657 366 4724 4)
388 4656 529 4720 Evangelii
548 4655 637 4720 luce‚]
658 4653 805 4706 Seekend.:
823 4656 883 4705 luce
904 4656 1048 4720 evangelii,
