3120 5206
262 307 305 378 tt
658 323 904 376 surrnuunnm
924 325 1006 376 nuru
1030 327 1105 379 1111.

263 482 361 553 dabo,
385 500 457 543 caro
482 497 552 542 mea
576 487 643 550 est,
665 497 759 555 quam
783 495 842 556 ego
866 479 954 540 dabo·
972 499 1028 557 pro
1053 480 1162 542 muudi
1185 481 1259 544 vita.
1295 485 1358 544 lam
1383 501 1490 560 corpus

261 584 400 656 Christi,
418 584 510 660 ¹quod
531 583 738 644 manducatur
760 582 841 652 fide,
864 588 899 642 ut
921 600 978 660 pro
1002 583 1094 644 uobis
1117 586 1270 656 fractum,
1295 591 1325 645 11
1348 585 1380 646 11
1406 603 1490 646 cruce

262 694 430 758 mortuum,
448 685 580 746 minime
596 705 653 745 nos
670 691 827 762 pasceret,
842 683 907 744 nisi
924 683 1067 746 divinum
1083 696 1188 756 esset,
1211 693 1242 748 et
1258 687 1491 758 resurrexisset,

262 789 420 866 nobisque
451 787 698 850 resurrectionis
726 806 823 848 causa
853 787 978 848 luisset.
1033 788 1113 859 Quid
1145 789 1245 867 igitur
1267 789 1399 860 mirum,
1429 790 1492 852 sia
1541 849 1542 894 1

261 892 341 954 11111
364 889 561 954 sacramenti
584 892 729 966 symbolo
754 896 862 950 nostra
880 890 1076 951 resurrectio
1098 891 1292 970 colligatur?
1332 893 1491 970 Origenes,

260 1002 295 1055 ut
320 1003 369 1056 est
393 993 620 1070 allegoriarum
643 991 755 1062 dives,
781 991 879 1052 etiam
903 993 1027 1053 abunde
1051 997 1172 1070 probat.
1228 995 1290 1055 Sed
1313 997 1395 1056 haec
1418 1013 1491 1054 nunc

263 1098 440 1167 sufficiant,
464 1096 603 1157 maxime
627 1094 703 1171 quia
725 1093 879 1155 Dominus
904 1093 1026 1170 inquit:
1057 1095 1143 1156 llaec
1168 1105 1217 1158 est
1242 1097 1326 1159 enim
1349 1099 1491 1158 voluntas

260 1199 377 1270 Patris,
403 1199 458 1276 qui
481 1215 532 1259 me
554 1197 662 1268 misit,
686 1206 721 1258 ut
744 1213 855 1268 omne,
880 1198 963 1272 quod
987 1196 1075 1258 dedit
1097 1198 1196 1270 mihi,
1219 1219 1280 1260 non
1302 1201 1435 1277 perdam
1457 1217 1492 1260 ex

263 1321 318 1375 eo,
351 1305 408 1370 sed
436 1301 627 1365 resuscitem
659 1301 690 1362 in
720 1299 899 1362 novissimo
930 1299 992 1360 die.
1025 1303 1091 1360 ·Tu
1122 1318 1199 1363 vero
1230 1304 1492 1364 resurrectionem

263 1407 408 1484 colligis,
444 1407 520 1482 quia
551 1405 696 1482 corporis
733 1403 784 1466 sui
820 1403 852 1464 in
883 1405 990 1464 Coena
1021 1405 1190 1468 κοινωνίαν
1220 1403 1385 1467 instituit?
1430 1409 1492 1482 hge

192 1580 194 1584 Α
262 1528 336 1572 vero
367 1510 411 1570 mi
442 1509 610 1586 Philippo,
650 1515 682 1568 11
717 1510 799 1568 hanc
833 1505 997 1566 Paulinam
1037 1507 1277 1570 consideremus
1314 1510 1490 1570 clausulam.

261 1615 394 1692 Spectas
419 1612 503 1673 enim
526 1613 663 1673 arbitror
689 1610 728 1672 ad
751 1613 833 1684 hoc,
859 1610 945 1684 qrrod
977 1609 1039 1670 ait:
1078 1610 1171 1672 Panis
1198 1627 1291 1685 quem
1313 1612 1492 1689 frangimus,

260 1733 365 1780 nonne
396 1715 640 1776 communicatio
672 1713 814 1791 corporis
839 1711 959 1774 Christi
991 1711 1064 1774 est?
1122 1714 1159 1774 Et
1184 1713 1280 1788 quid,
1312 1735 1386 1784 oro,
1409 1715 1492 1775 hisce

260 1819 365 1880 verbis
389 1817 517 1880 voluit?
548 1817 700 1894 numquid
724 1819 853 1878 volebat
877 1816 1048 1878 carnaliter
1072 1834 1199 1878 carnem
1224 1819 1343 1880 Christi
1366 1839 1385 1880 a
1408 1815 1491 1878 nabis

262 1923 564 1994 edi'communiter,
594 1929 628 1982 ut
652 1919 847 1982 consortium
879 1919 1125 1982 resurrectionis
1155 1918 1395 1997 adsequamur?
1439 1919 1489 1979 Ea-

261 2026 332 2085 dem
355 2025 504 2086 nimirum
532 2024 657 2086 ratione
681 2022 820 2084 crassius
854 2028 886 2082 et
911 2023 950 2081 de
974 2022 1138 2098 Baptismo
1163 2023 1350 2084 ratiocinari
1375 2023 1489 2083 liceret.

260 2127 323 2187 Sed
347 2129 430 2203 quod
454 2131 516 2189 huc
540 2127 671 2196 attinet,
696 2143 788 2186 nemo
813 2125 868 2201 pie
893 2132 923 2184 et
947 2125 1018 2186 sine
1042 2126 1208 2188 mendacio
1234 2143 1350 2202 panem
1366 2124 1490 2202 frangit,

260 2230 325 2291 uisi
349 2231 404 2306 qui
427 2231 528 2293 credit
559 2231 657 2292 etiam
689 2249 745 2306 pro
770 2247 806 2290 se
830 2228 948 2290 Christi
981 2247 1096 2306 corpus
1127 2232 1278 2300 tractum,
1315 2237 1347 2290 et
1371 2247 1406 2290 se
1430 2245 1491 2287 cum

261 2342 387 2396 caetera
410 2334 615 2396 multitudine
639 2332 847 2412 participium
872 2337 980 2394 tantae
1004 2333 1172 2410 dignitatis
1197 2335 1323 2394 habere.
1353 2377 1355 2380 -
1380 2331 1490 2404 Quibus

261 2438 404 2500 Christus
428 2457 521 2500 suum
543 2439 692 2516 spiritum
714 2457 776 2498 non
800 2436 988 2514 denegavit,
1022 2443 1054 2496 et
1078 2454 1211 2511 quorum
1242 2437 1274 2496 in
1304 2453 1341 2497 sc
1374 2449 1490 2496 carnem

260 2543 416 2622 gestavit,
446 2550 480 2603 11
504 2542 547 2604 sit
571 2561 644 2613 sua,
676 2558 812 2617 eamque
837 2559 893 2616 pro
917 2540 985 2601 illis
1009 2541 1093 2618 patri
1123 2542 1155 2601 iu
1188 2557 1281 2602 cruce
1306 2539 1436 2601 obtulit:
1469 2532 1490 2591 ii

259 2647 371 2722 utique
392 2664 539 2723 magnam
563 2663 633 2706 cum
657 2643 782 2704 Christo
805 2642 994 2704 societatem
1014 2645 1147 2715 habent,
1181 2644 1309 2706 etiamsi
1340 2642 1490 2703 carnalem

259 2750 349 2809 illam
377 2748 653 2809 manducationem
684 2747 842 2824 ignorent.
894 2745 945 2804 llli
978 2725 1050 2806 suni
1080 2753 1167 2806 certe
1191 2751 1329 2808 membra
1354 2740 1490 2820 corporis

261 2851 347 2922 eius,
378 2853 418 2911 de
448 2868 541 2912 carne
573 2850 660 2921 eius,
694 2857 725 2910 et
753 2851 793 2910 de
823 2848 950 2911 ossibus
983 2849 1061 2910 eius,
1115 2849 1165 2909 llli
1205 2857 1277 2911 sunt
1300 2849 1411 2928 pueri,
1442 2843 1489 2920 qui

174 2980 175 2984 ¹
263 2955 533 3016 communicarunt
558 2954 646 3014 carni
668 2961 700 3012 11
723 2952 874 3030 sanguini
898 2953 978 3013 eius.
1014 2953 1101 3014 llaec
1124 2961 1174 3014 est
1197 2970 1272 3014 vera
1290 2959 1488 3033 1111111111-

259 3058 383 3128 111111,
422 3073 515 3132 quam
552 3056 737 3118 necessario
772 3055 917 3130 sequitur
952 3055 1155 3118 resurrectio.
1214 3057 1292 3116 Nam
1321 3073 1392 3116 cum
1423 3067 1489 3112 caro

258 3167 367 3222 nostra
390 3161 433 3222 sit
458 3160 603 3222 eiusdem
626 3169 758 3222 naturae
784 3179 853 3222 cum
877 3176 970 3221 carne
988 3159 1123 3230 Christi,
1148 3168 1178 3219 11
1203 3159 1362 3220 inhabitet
1387 3159 1418 3217 iu
1440 3173 1487 3214 no-

258 3265 307 3325 bis
332 3265 417 3325 idem
441 3264 589 3340 spiritus,
621 3265 674 3340 qui
699 3283 815 3340 corpus
841 3263 959 3323 Christi
983 3280 1000 3322 e
1024 3263 1158 3322 mortuis
1183 3262 1352 3324 excitavit:
1384 3261 1489 3332 utique

258 3367 345 3441 idem
369 3374 400 3426 et
422 3373 530 3428 nostra
554 3384 687 3443 corpora
712 3353 881 3435 excitabit,
907 3365 1066 3441 quomodo
1091 3371 1122 3424 et
1146 3361 1212 3426 allo
1236 3365 1269 3424 in
1293 3367 1364 3425 loco
1380 3362 1488 3423 Paulus

249 3469 480 3553 ratiocinatur:
519 3469 554 3530 Si
581 3469 698 3530 mortui
729 3489 791 3529 non
828 3475 1013 3546 resurgent,
1044 3484 1105 3528 nec
1136 3469 1279 3530 Christus
1310 3461 1487 3531 resurrexit.

258 3572 318 3633 Ubi
341 3579 448 3633 autem
470 3575 551 3633 haec
574 3571 784 3648 recipiuntur,
814 3577 844 3630 11
869 3588 909 3632 ex
933 3573 1080 3632 confesso
1104 3579 1187 3642 sunt,
1210 3571 1287 3648 quid
1310 3569 1437 3630 facilius
1461 3572 1488 3621 et

260 3674 457 3746 evidentius,
483 3693 576 3751 quam
601 3691 641 3736 ex
665 3674 818 3751 symbolis
840 3681 927 3736 tanta
942 3675 1033 3736 nobis
1049 3675 1203 3752 mysteria
1224 3672 1487 3735 annuntiantibus,

259 3781 393 3855 probare
411 3775 700 3843 resurrectionem?
723 3777 913 3854 praesertim
928 3777 957 3838 si
978 3777 1009 3837 in
1024 3781 1121 3838 verba
1137 3776 1363 3854 promissionis
1377 3768 1488 3836 Christi

259 3882 361 3960 signis
385 3881 529 3943 adhibita
551 3880 727 3957 respicias,
753 3881 919 3942 strideas
945 3899 983 3942 11
1007 3901 1068 3941 111
1092 3889 1155 3942 tam
1179 3880 1298 3958 signis,
1324 3898 1415 3956 qnam
1439 3893 1486 3935 no·

257 3986 307 4046 bis
337 3985 448 4046 miram
477 3983 667 4060 dignitatem
697 3984 859 4045 exhibere.
914 3985 1009 4046 Porro
1042 3985 1294 4060 quod‘nondum
1324 3984 1383 4045 tibi
1413 3977 1487 4041 satis

258 4087 433 4148 innotuerit
456 4094 564 4158 nostra
587 4088 757 4157 sententia,
782 4089 940 4162 quoruodo
964 4089 1079 4150 adesse
1099 4089 1220 4164 Corpus
1237 4088 1354 4148 Christi
1371 4101 1485 4148 assera-

257 4207 343 4262 mus,
374 4189 449 4250 hinc
479 4190 597 4265 liquet,
629 4191 714 4266 qrtod
744 4191 853 4262 subdis
884 4194 966 4253 haec
996 4194 1110 4252 verba:
1147 4192 1282 4253 Etiamsi
1304 4210 1366 4252 nan
1390 4203 1485 4250 resin·-

257 4293 395 4354 rexisset
419 4293 578 4364 Christus,
601 4301 706 4355 tamen
727 4297 841 4356 absens
867 4313 981 4372 corpus
1005 4302 1038 4355 11
1062 4302 1283 4372 consumptum
1307 4307 1484 4372 repraesen-

256 4395 317 4457 tari
349 4398 470 4474 potuit,
498 4399 582 4460 sicut
614 4399 646 4459 in
676 4398 791 4459 tabulis
815 4399 932 4459 Hector
964 4407 1232 4476 repraesentatur.
1286 4400 1353 4460 Non
1383 4409 1482 4458 asseu-

256 4498 351 4561 timur
365 4499 530 4578 Philippa:
556 4521 616 4563 non
641 4501 725 4562 eninr
749 4517 825 4560 1111
849 4501 941 4578 panis
960 4502 1052 4563 nobis
1068 4521 1182 4580 corpus
1200 4503 1318 4564 Christi
1332 4495 1485 4578 figurabit,

258 4603 286 4663 si
312 4623 371 4664 non
395 4622 569 4681 pascamur.
615 4606 681 4665 Non
706 4621 909 4680 pasceremur
932 4612 1055 4676 autem,
1081 4606 1109 4666 si
1131 4608 1182 4684 vel
1208 4605 1354 4666 destituti
1375 4597 1483 4678 spiritu
