3072 5208
443 403 705 456 -SUPPLHMENTA
724 403 807 458 aaut
826 405 970 463 luctam.

603 786 733 854 Amico
765 789 814 857 Ν.

173 932 244 983 Vide
263 931 452 997 prolegomena
471 932 603 1000 epistolae
622 933 745 999 proxime
764 934 965 1000 praecedentis.

541 1118 738 1204 (Inseriptio
759 1121 880 1201 deest.)

176 1274 400 1352 Hieronymum
424 1279 564 1352 nostrum
589 1275 683 1348 initio
707 1283 837 1354 propter
853 1284 938 1340 tuam
961 1283 1266 1351 commendationem
1291 1287 1328 1346 li-

89 1382 203 1442 benter
226 1381 416 1453 complexus:
434 1397 518 1449 sum,
552 1397 624 1440 uam
648 1397 717 1440 eum
741 1386 784 1438 te·
803 1387 933 1458 propter
955 1381 1106 1444 eximiam
1129 1387 1329 1462 prudentiam

90 1492 123 1544 et
146 1482 373 1543 humanitatem
396 1489 479 1544 tuam
503 1482 630 1558 plurimi
653 1480 789 1542 lacerem
813 1483 924 1560 (saepe
947 1483 1042 1556 enim,
1065 1503 1135 1546 oum
1157 1489 1196 1550 de
1217 1491 1329 1552 nostro

89 1602 265 1662 congressu
288 1583 402 1662 cogito,
425 1593 496 1645 tuos
521 1584 631 1645 laudes
655 1587 716 1645 hoc
739 1584 866 1672 Homeri
890 1589 1048 1649 versiculo
1072 1589 1256 1652 describere
1279 1611 1329 1654 so-

88 1685 165 1750 leoz'
200 1681 217 1752 ὅ
243 1689 344 1763 ξεῖνος
363 1686 451 1773 μάλα
471 1713 529 1770 μοι
552 1687 671 1762 ἔδωκας
693 1679 952 1772 πεὲονόμενοςίῗ)
975 1684 1069 1774 εἶναι)
1083 1679 1248 1772 cupiebam
1272 1699 1330 1760 tibi

89 1796 121 1858 in
147 1795 266 1856 tuendo
289 1793 392 1856 amieo
416 1800 483 1864 tuo,
517 1795 709 1859 voluntatem
730 1803 765 1857 et
788 1795 927 1860 studium
959 1814 1035 1875 erga
1057 1806 1093 1866 te,
1123 1816 1223 1863 meum
1260 1817 1331 1877 pro·

88 1897 168 1959 bari.
213 1899 333 1960 Postea·
351 1899 488 1976 cognovi
506 1895 717 1974 *singularem
740 1915 814 1959 esse
851 1899 1048 1974 prudentiam
1071 1902 1259 1980 Hieronymi
1297 1912 1331 1965 et

87 2001 182 2060 tidem
206 2017 385 2062 aemorum
408 2002 608 2062 s'arrctltatem
633 2001 806 2080 egregiam,
840 2005 877 2064 ad
901 2017 990 2080 quam
1029 2006 1173 2068 adiunxit
1197 2010 1331 2084 optima-

91 2123 156 2165 rum
182 2103 297 2166 artium
320 2103 492 2164 doctrinam
534 2107 567 2164 et
602 2119 697 2164 verae
720 2103 947 2180 philosophiae
971 2109 1116 2168 studium.
1162 2111 1263 2182 Quare
1300 2119 1331 2173 et

89 2207 245 2268 iudicium
267 2213 353 2267 tuum
378 2206 413 2268 in'
435 2205 547 2268 amicis
574 2197 755 2284 deligendis
779 2207 1038 2281 valde'laudans,
1062 2191 1099 2272 et
1123 2199 1253 2274 tibi'rrie
1276 2217 1329 2277 de-

89 2315 166 2372 bere
190 2313 320 2371 multum
343 2310 484 2372 iudicavi
508 2311 592 2400 quod
615 2313 709 2370 talem
734 2312 776 2396 ad
795 2329 861 2373 nos⁴
877 2312 1035 2394 hospitem
1059 2315 1218 2389 misisses,
1253 2320 1329 2380 iaci-

89 2414 186 2489 leque
211 2431 280 2474 eum
305 2415 337 2474 iu
361 2414 502 2476 intimam
525 2401 773 2476 familiaritatem
799 2415 934 2475 admisi:
960 2433 1020 2476 nec
1044 2434 1113 2478 eum
1138 2421 1204 2480 ullo
1229 2419 1328 2482 liberi·

90 2516 155 2578 tius
176 2517 219 2578 de
242 2518 352 2578 nmltis
375 2518 498 2594 maguis
520 2521 626 2590 rebus,
651 2520 696 2578 de¹
713 2519 844 2595 optimis
867 2518 1001 2591 artibus,
1025 2521 1072 2580 de·
1088 2523 1264 2604 republica,
1290 2526 1330 2584 de

91 2620 227 2699 priuatis
250 2621 420 2692 consili-isi.
447 2622 586 2699 colloqui
621 2623 734 2684 solitus
759 2639 837 2694 snm,
873 2640 964 2699 qrram
996 2639 1069 2684 cum
1089 2625 1174 2702 ipso.
1209 2628 1329 2704 itaqua

89 2743 163 2786 curo.
182 2742 317 2802 uraguae
340 2723 419 2784 milri
442 2727 608 2802 uoluptati·
623 2728 693 2786 elus
717 2728 912 2790 consuetudo
937 2727 1043 2798 luerit,
1067 2729 1278 2791 multus-eum
1312 2749 1331 2792 a

91 2844 143 2888 me
165 2826 264 2888 auelli
287 2843 401 2904 passus
422 2845 500 2888 sum
546 2828 609 2888 Sed
633 2837 735 2890 tamea
769 2845 840 2890 cum
864 2831 1010 2891 uiderem.
1041 2847 1111 2890 eum
1149 2825 1254 2910 magis
1269 2834 1330 2895 :nai

90 2932 268 3001 desiderio,
292 2948 384 3007 quem
408 2937 454 2992 tot
476 2932 539 2992 iam
563 2932 655 2993 anuis
678 2950 739 2994 non
763 2932 853 3004 uidit,
876 2949 969 3008 quem
991 2933 1056 2994 ulla
1072 2934 1256 3012 cupiditate
1271 2936 1332 2996 alia
1378 2989 1379 2992 ,

91 3035 251 3096 incensum
277 3051 351 3095 esse
376 3035 502 3095 taudem
526 3035 586 3094 hoo
608 3035 670 3096 iter
693 3035 859 3111 suscipere
896 3044 928 3095 ot
950 3039 1033 3097 hune
1056 3037 1191 3097 animum
1225 3037 1329 3114 ipsius'

91 3140 225 3217 probaui
253 3147 291 3199 et
314 3139 515 3217 proiectione
533 3139 725 3222 dissuadere
749 3138 865 3200 nolui·
894 3138 1009 3200 Precor
1045 3138 1157 3216 itaque
1194 3143 1229 3200 ut
1263 3143 1331 3218 ‘ipsi

91 3245 153 3304 iter
176 3243 312 3302 faustum
335 3250 368 3302 et
391 3239 470 3302 salix
505 3241 548 3300 sit
587 3249 621 3302 et
659 3249 693 3302 ut
715 3246 824 3302 mutuo
849 3257 956 3302 amore
979 3243 1071 3303 vobis
1106 3242 1248 3306 feliciter
1264 3244 1331 3304 ⁴lrul

90 3346 265 3422 contingat.
297 3345 364 3404 Nou
386 3344 559 3406 arbitrabar
579 3352 688 3406 autem
711 3345 879 3406 ambitiosa
903 3344 968 3420 ipai
992 3347 1330 3411 comanendetioue·-ad

89 3455 122 3510 ta
146 3465 227 3522 opus
252 3464 334 3508 esse.
379 3448 454 3508 Nem
480 3452 511 3507 et
535 3455 625 3508 vetus
649 3449 767 3508 amicus
792 3455 842 3508 est
879 3456 910 3508 et
933 3449 992 3510 tibi
1023 3449 1104 3508 tides
1126 3450 1198 3510 eius
1226 3455 1264 3510 ‘et
1298 3450 1329 3511 in

90 3551 177 3614 ornat
200 3552 308 3612 olfioio
330 3551 698 3628 moderatio.=perspeota
722 3558 788 3612 est:
811 3552 876 3612 scio
891 3559 993 3612 autem
1010 3549 1331 3631 utrumquemagnam

91 3657 156 3716 vim
178 3656 263 3730 apud
284 3661 317 3715 te
340 3656 469 3725 hebere,
503 3671 596 3731 quem
632 3655 664 3716 in
686 3655 829 3717 aroicitia
851 3657 1038 3732 gravitatem
1066 3663 1097 3716 et
1120 3658 1330 3718 coustantium

89 3758 251 3837 inprimis
270 3757 492 3820 »mimaduerto
516 3766 683 3832 praestare
705 3767 738 3819 et
760 3760 793 3820 io
816 3759 924 3819 amicis
947 3757 1133 3836 deligendis·
1143 3759 1254 3820 solam
1269 3761 1331 3821 uio-

88 3869 190 3926 tutem
212 3869 370 3941 spectare.
416 3862 499 3922 Illud
522 3869 627 3924 tamen
650 3867 683 3923 te
706 3870 820 3923 orout
843 3868 975 3939 propter
994 3860 1211 3922 testimonium
1226 3879 1330 3923 meum

89 3971 128 4029 ad
153 3967 413 4028 benevolentiam
438 3982 515 4042 erga
535 3965 641 4042 ipsum
664 3972 749 4030 tuam
771 3964 1016 4040 addasalrnuid
1036 3964 1144 4025 studii.
1172 3965 1331 4028 {heterius

91 4072 139 4132 ita
159 4075 301 4131 amanter
322 4069 363 4129 de
386 4085 436 4128 me
458 4071 581 4130 sentire
602 4071 692 4130 vicus
715 4085 760 4143 es,
790 4075 825 4128 ut
848 4067 924 4128 mitri
948 4068 1161 4143 persuaserim
1185 4085 1271 4128 meas
1295 4068 1330 4129 li-

89 4183 176 4236 teras
198 4174 283 4252 apud
305 4177 339 4234 te
361 4189 507 4250 magnum·
529 4174 653 4250 modus
677 4173 807 4234 habere.
850 4173 939 4244 Quod
971 4172 1001 4232 si
1037 4177 1161 4233 extaret
1197 4173 1330 4247 aliquod

89 4279 217 4340 illustre
240 4276 407 4355 specimen.
426 4277 489 4336 mei
512 4291 589 4354 erga
612 4282 646 4341 te
667 4275 930 4345 amosis.·lioeret
951 4273 1031 4334 mihi
1068 4274 1220 4336 audacius
1243 4275 1333 4340 velut

90 4397 262 4458 reposcere
283 4381 431 4442 elicium.
477 4379 539 4442 Sed
562 4383 663 4441 tamen
687 4385 724 4442 ut
744 4377 954 4452 Hieronymus
977 4378 1072 4444 testis
1096 4367 1145 4438 est
1169 4393 1259 4439 meae
1283 4394 1331 4438 er-

90 4503 130 4562 ga
153 4492 186 4558 te
209 4484 383 4546 uoluntatis
406 4489 453 4564 et
484 4483 512 4544 si
542 4490 633 4544 eruut
662 4482 755 4544 odbis
780 4481 905 4542 mitiore
927 4485 1092 4555 tempores
1117 4479 1264 4550 amaran,
1297 4487 1332 4540 ut

90 4592 179 4664 extet
199 4585 506 4649 testimoniummei
545 4585 585 4646 de
609 4592 662 4646 tua
685 4585 802 4644 virtute
826 4583 948 4644 iudicii.
995 4584 1103 4658 ltaque
1135 4585 1168 4642 te
1206 4601 1262 4646 oro
1296 4591 1329 4658 et

89 4692 314 4766 Hieronymum
333 4696 375 4749 et·
391 4697 522 4767 propter
545 4688 764 4750 hrunauitutem
791 4695 874 4748 tuum
899 4693 936 4748 at.
952 4693 1082 4761 propter
1106 4685 1206 4758 iunius
1232 4688 1329 4748 virtiu-

1121 4805 1185 4868 32*
