3064 5206
431 313 680 372 warnnunura
699 311 781 366 aaut
803 313 878 368 raso.
1208 291 1275 365 aaa

43 477 111 538 rm.
147 473 325 538 uaccam.
371 472 544 558 (votvm.
570 466 696 553 aare.)
1132 469 1276 531 eausa

146 561 306 590 Μ
1145 558 1281 588 Μ

452 633 619 706 Martiae
648 625 864 702 chamoam.

108 765 181 818 lianc
200 765 343 833 epistolem
364 770 390 816 et
410 763 623 828 subsequentem
647 759 793 811 ediderunt
817 761 960 810 Baxmnnn
984 760 1012 810 ln
1031 759 1278 828 Ephemerldibne:

142 848 281 918 fleltilitiist
305 847 349 914 iit
372 848 410 904 tle
433 842 568 914 ilflotlicie
593 843 725 914 iioclcple
748 847 813 897 enni
833 845 911 898 1861.
941 843 1019 898 l'aoc.
1037 845 1083 897 lv.
1116 863 1144 916 p.
1163 847 1215 899 624
1232 863 1275 913 oq.

147 940 231 1008 epist.
241 937 314 992 Xlll.
333 939 361 990 et
377 935 438 988 XV.
463 941 491 988 et
517 933 665 999 lioldewep
688 933 718 984 ln
740 932 842 984 lisdem
860 929 1089 998 Ephenaeridlltua
1112 934 1178 987 enni
1204 933 1279 990 ratu.

144 1023 258 1076 rocci.
277 1021 543 1090 precaeptum.
563 1024 633 1074 eti.

44 1159 241 1224 Reverendo
263 1165 355 1232 viro,
378 1157 568 1221 eruditione
589 1167 623 1217 et
644 1161 770 1219 virtute
789 1161 999 1236 praestanti,
1019 1151 1067 1218 D.
1090 1153 1280 1220 Martiae

62 1263 297 1335 Komaia,
325 1261 458 1324 docenti
486 1259 700 1340 erraogolium
731 1265 766 1320 io
799 1259 939 1322 ecclesie
966 1255 1038 1323 Der
1067 1265 1103 1323 io
1130 1260 1258 1345 inclyta

282 1362 364 1428 urbe
384 1361 601 1443 Bramme,
624 1360 748 1440 fratri
767 1381 825 1425 ano
847 1367 1030 1425 carissimo.

128 1503 159 1566 S.
181 1505 218 1570 D.
260 1501 450 1562 Reverende
481 1499 532 1561 vir
567 1507 600 1562 et
629 1496 796 1564 carissime
830 1500 935 1560 irater.
994 1499 1130 1579 Scripsit
1160 1503 1200 1564 nd
1229 1519 1281 1566 me

47 1623 155 1667 recens
178 1604 227 1666 vir
250 1604 364 1666 doctus
389 1619 428 1666 ex
452 1618 581 1666 carcere
605 1603 687 1664 haec
709 1603 822 1663 verba:
851 1595 902 1664 Τὰ
925 1597 1003 1666 ὄντα
1026 1597 1130 1684 icini,
1153 1595 1239 1670 oldae
1262 1587 1281 1670 ri

47 1707 131 1785 θεός.
174 1709 245 1771 Vox
275 1709 383 1786 angeli
411 1707 493 1770 mihi
520 1707 630 1769 audite
658 1713 716 1770 est.
761 1705 855 1768 Brevi
885 1705 1008 1770 ruinam
1033 1705 1159 1769 videbis
1189 1709 1282 1790 regni

47 1811 211 1874 Pontificii.
264 1811 332 1872 Etsi
369 1811 423 1872 hic
458 1809 499 1871 de
533 1809 757 1890 praesentibus
793 1811 889 1870 rebus
922 1808 1130 1882 vaticinatur,
1166 1817 1282 1880 tamen,

48 1917 254 1991 undecunque
285 1921 357 1976 sunt
387 1917 465 1977 lraec
493 1911 682 1994 praesagia.
712 1931 814 1976 novos
844 1921 947 1976 motus
979 1912 1169 1992 significant.
1222 1916 1282 1976 Oro

52 2025 155 2080 nartem
179 2017 284 2080 lilium
307 2016 386 2089 Dei,
415 2015 578 2080 dominum
606 2023 748 2080 nostrum
778 2018 901 2086 lesum.
936 2023 971 2077 nt
1002 2017 1174 2084 ecclesiam
1196 2037 1285 2082 suam

51 2127 172 2190 servet,
196 2136 278 2196 qnae
302 2118 401 2182 variis
423 2119 528 2180 rrrodis
551 2118 759 2198 periclitetur.
796 2117 857 2180 Nos
881 2135 1008 2195 quoque
1032 2119 1153 2183 maiore
1176 2121 1283 2184 studio

51 2223 303 2286 coniunctionem
326 2229 465 2284 nostram
489 2229 634 2284 tueamur
658 2228 689 2282 et
714 2223 794 2282 bona
818 2219 948 2300 ingenia
974 2222 1148 2286 foveamus.
1194 2226 1283 2288 Com·

54 2328 117 2401 peri
148 2334 253 2388 antem
282 2324 378 2386 huius
407 2324 581 2388 Zachariae
611 2323 781 2387 Becmanni
816 2340 921 2385 rueres
957 2324 1112 2388 honestos
1148 2333 1180 2387 et
1210 2326 1283 2405 pios

53 2445 141 2501 esse,
165 2435 196 2490 et
220 2428 332 2490 Latine
357 2435 387 2488 et
412 2429 533 2490 Graece
558 2429 682 2490 erudite
713 2427 839 2500 scribit,
871 2433 901 2488 et
925 2427 1085 2489 ecclesiae
1108 2427 1286 2492 doctrinam

54 2541 132 2594 amm
155 2539 185 2594 et
209 2539 295 2594 recte
317 2529 424 2595 discit.
445 2607 447 2612 ,
471 2531 547 2593 Cum
570 2538 676 2593 autem
700 2529 841 2592 ecclesia
862 2538 967 2592 vestra
983 2539 1125 2608 sumptus
1142 2531 1175 2594 ei
1190 2549 1284 2611 prae-

55 2635 153 2697 buerit
175 2633 371 2698 liberalitate
394 2635 521 2712 publica
546 2637 608 2696 lrcc
629 2632 778 2704 biennia,
802 2641 988 2697 reverenter
1011 2642 1081 2697 orat
1101 2633 1200 2698 adiici
1220 2655 1286 2699 rur-

55 2754 102 2797 sus
126 2736 248 2799 biennii
272 2744 425 2814 sumptus.
476 2738 577 2814 Spero
601 2752 672 2797 eum
694 2735 785 2798 vobis
808 2735 883 2798 usui
905 2737 1043 2798 futurum
1067 2753 1159 2809 esse,
1193 2755 1284 2816 prae-

55 2842 159 2902 sertim
189 2857 260 2902 cum
289 2839 328 2900 ad
357 2839 571 2902 eruditionem
606 2839 757 2917 adiungat
786 2837 943 2917 singulari
981 2857 1056 2901 cura
1085 2840 1286 2905 modestiam.

56 2938 192 3016 Quaeso,
222 2948 257 3003 ut
286 2957 359 3004 eum
389 2942 524 3003 adiuves
553 2939 636 3020 apud
661 2957 733 3012 eos,
762 2942 818 3017 qui
841 2948 1002 3018 praesunt.
1054 2943 1101 3003 De
1126 2951 1250 3007 cometa
1264 2943 1288 3022 ¹)

57 3045 199 3106 velim-te
223 3043 302 3106 milri
333 3043 476 3106 scribere
499 3051 619 3108 vestras
648 3043 911 3115 observationes,
944 3062 1001 3122 pro
1030 3047 1146 3120 quibus
1176 3055 1209 3109 et
1234 3065 1287 3109 no-

57 3154 131 3210 stras
152 3148 284 3211 mittam.
330 3147 421 3226 Pingi
445 3149 531 3210 enim
554 3146 740 3209 curabimus.
780 3149 866 3209 Bene
891 3154 924 3208 et
946 3146 1088 3209 feliciter
1110 3151 1192 3211 vale.
1225 3150 1289 3212 Die

59 3250 101 3311 tt.
127 3253 248 3322 Martii,
277 3269 339 3328 qao
369 3249 456 3312 tilius
484 3249 548 3315 Ilei
574 3256 648 3314 ante
679 3268 780 3314 nnrrns
813 3248 930 3328 latta
962 3249 994 3311 in
1023 3268 1126 3328 agone
1149 3271 1207 3314 suo
1231 3271 1288 3330 pro

59 3355 142 3416 nobis
165 3356 385 3432 precationem
410 3353 666 3416 ardentissimam
691 3351 812 3438 [iecitl.
846 3370 939 3429 quam
963 3352 1093 3414 assidue
1117 3355 1150 3415 in
1171 3371 1288 3418 arcanc

60 3458 187 3519 consilio
210 3459 334 3520 aeterni
359 3457 460 3535 patris
484 3458 612 3537 repetit.¹
1269 3471 1271 3474 ’

985 3559 1162 3636 Phiiippus.

96 3681 184 3747 ilitio
209 3681 354 3760 pagellas
377 3686 411 3740 et
434 3686 529 3758 peto,
557 3687 593 3742 nt
622 3681 777 3745 interdum
801 3681 840 3742 nd
865 3700 921 3742 nas
944 3680 1082 3750 scribas,
1113 3695 1172 3742 nec
1194 3679 1284 3740 sinas

136 3786 300 3862 exstingui
324 3783 355 3844 in
379 3783 484 3846 anirno
508 3790 562 3846 tuo
586 3784 771 3851 anemurium
794 3801 884 3846 meae
906 3783 1078 3846 amicitiae.

63 4041 126 4104 aar.
159 4050 214 4106 m.
231 4045 342 4108 sacri.
377 4045 549 4130 (votvm.
571 4069 599 4124 p.
615 4042 701 4128 raa.)
1143 4041 1293 4157 ¹Q

161 4131 318 4160 Μ

607 4202 751 4276 uidem.

124 4339 193 4390 Vide
212 4337 407 4406 prolegomene
426 4335 620 4404 praecedentis
639 4334 781 4404 epistolae.

66 4450 263 4468 Q...—

143 4524 169 4589 1)
191 4522 231 4574 lle
253 4523 309 4599 ΙιοοΙ
322 4527 428 4574 cometa
446 4521 503 4576 vid.
524 4519 670 4584 lioldewep
690 4519 708 4568 l.
720 4521 738 4570 Ι.
755 4535 783 4588 p.
797 4518 840 4570 21.
860 4524 920 4572 not.
934 4516 977 4569 ra.

141 4609 169 4675 2)
187 4597 226 4665 ll.
245 4609 262 4660 1.
281 4618 381 4661 annum
402 4597 477 4660 toti.
496 4601 638 4674 lndlgltori
664 4599 784 4660 oeta-udlt
803 4603 946 4667 Kaldewey
965 4603 983 4652 l.
997 4601 1014 4652 l.
1033 4618 1061 4670 p.
1073 4603 1114 4656 21.
1135 4593 1189 4656 nc't.
1204 4607 1248 4660 20.

94 4701 186 4754 amin
205 4702 323 4744 normias
1084 4692 1125 4752 25
