3120 5206
502 357 748 412 surrannnura
769 359 849 410 rum
873 363 948 414 raro.
1302 347 1347 416 ot

113 517 265 578 interesse
289 517 382 578 velis.
430 518 527 577 Soror
550 503 766 576 eicollocata
789 523 838 575 est
860 517 973 578 uxoris
996 519 1139 580 doctoris
1163 519 1345 597 Augustini.

111 621 154 681 De
185 621 406 682 controversia
436 619 494 680 illa
523 622 596 698 περὶ
619 619 749 681 δείπνου
772 621 927 698 κυριακοῢ
957 620 1004 681 sic
1029 619 1184 692 crucior,
1202 631 1344 684 utoacer-

112 723 176 784 bius
200 724 232 784 in
255 724 322 785 vita
345 723 427 784 nihil
453 729 605 800 expertus
631 721 700 781 sim.
741 723 857 782 Omnes
881 723 995 784 llrrctus
1018 726 1232 788 tentationum
1253 731 1343 789 obru-

114 833 160 886 unt
182 843 232 887 me
257 834 420 888 ettamen
443 825 524 885 nihil
550 824 699 892 invenio,
722 843 778 884 our
801 825 966 887 discedam
989 825 1187 890 asententia
1202 831 1343 892 Lutheri.

113 928 272 1008 Gingliuna
301 929 400 992 factio
432 947 494 1004 qua
526 927 725 991 conscientia
748 930 946 1005 persuadere
976 931 1052 992 aliis
1077 940 1225 1002 conetur,
1259 935 1344 1008 quod

113 1031 168 1092 sibi
195 1051 257 1093 non
287 1031 466 1108 persuasit,
493 1030 605 1092 miror.
656 1031 695 1092 Et
718 1031 890 1094 maximum
920 1040 970 1094 est
994 1033 1189 1108 periculum,
1221 1035 1344 1098 incerta

114 1134 303 1197 conscientia
333 1136 399 1196 tale
429 1135 544 1210 dogma
581 1150 751 1210 spargere,
792 1136 876 1208 quod
906 1133 1343 1220 universae‘gecctcsiaaae

115 1236 165 1296 toti
186 1236 323 1314 imperio
347 1223 536 1297 horribilem
567 1235 777 1296 mutationem
802 1236 948 1298 videatur
976 1237 1148 1314 aliquando
1172 1241 1343 1302 allaturum

116 1356 186 1402 esse.
237 1341 375 1402 Obsecro
408 1347 458 1408 te,
489 1346 640 1414 quantum
670 1347 781 1418 potes,
818 1341 966 1417 opprime
997 1341 1234 1418 disputationes
1268 1345 1341 1408 illas

116 1446 283 1520 prophanas
308 1443 383 1504 istic
408 1459 445 1504 ea
469 1444 509 1502 de
532 1459 574 1502 re.
611 1441 672 1502 Sed
696 1444 834 1503 sortasse
855 1446 1078 1519 pluracoram.
1113 1446 1204 1506 Vale.
1241 1447 1340 1510 Wite-
1408 1509 1410 1513 ,

114 1549 220 1624 bergae
245 1549 292 1608 12.
319 1548 383 1608 Cal.
409 1547 467 1606 lul.
496 1547 585 1607 1529.

1040 1633 1212 1708 dilianator.

615 1750 820 1762 -—n——-—*

115 1855 154 1912 51.
205 1857 258 1912 No.
284 1856 373 1914 618⁰.
422 1849 534 1936 (Voti.
557 1855 708 1928 ploti.)
1198 1860 1247 1918 20.
1271 1863 1337 1918 Jun.

206 1938 365 1965 M
1202 1943 1326 1976 [ΑΛ

534 2007 729 2100 Stephano
761 2013 906 2106 Vipitto.

171 2143 251 2194 Huius
277 2143 428 2210 epistolae,
454 2155 523 2204 quae
548 2141 574 2188 in
601 2139 767 2192 Collectione
786 2141 949 2192 Simleriana
973 2138 1014 2207 (S.
1033 2141 1099 2195 Mac.
1122 2148 1164 2211 17)
1191 2149 1337 2214 invenitur,
1436 2165 1438 2172 ⁴

202 2229 391 2296 apographum
416 2243 466 2295 par
491 2227 528 2276 et.
552 2228 585 2276 V.
615 2229 807 2293 Vccpcttnum
837 2229 943 2294 accepi.
991 2229 1110 2281 Primum
1141 2233 1216 2284 edita
1247 2242 1289 2285 est
1321 2251 1338 2286 a

203 2315 388 2379 licentiati.
408 2329 435 2380 p.
449 2313 509 2364 291.
530 2313 677 2376 Νι.11111.,
702 2315 748 2376 qui
768 2329 828 2364 eam
847 2320 921 2365 reete
942 2314 976 2365 ad
997 2331 1022 2365 a.
1045 2317 1110 2368 1529
1128 2319 1229 2380 ralert3
1260 2323 1337 2373 Sim-

202 2403 282 2454 lcrur
301 2416 366 2451 vero
385 2413 445 2450 narn
467 2413 492 2448 a.
515 2399 589 2450 1526.
610 2399 741 2466 scriptam
761 2415 823 2452 esse
841 2406 937 2466 putat,
965 2416 1026 2452 nam
1045 2401 1114 2454 heco
1134 2405 1159 2453 ei
1179 2405 1335 2458 adnotavit:

201 2487 279 2549 „Has
306 2503 356 2554 pro
377 2483 488 2536 Lutberi
513 2485 640 2550 dogmate
664 2484 748 2538 Euch.
769 2486 944 2536 vehementer
969 2487 1089 2554 scriptas
1114 2487 1336 2544 Melauelrtbonin

202 2571 294 2622 literas
312 2572 385 2622 reicr
405 2572 438 2622 ad
460 2587 484 2621 a.
507 2570 582 2622 1526.
612 2587 637 2624 v.
656 2569 768 2620 Penceri
794 2569 900 2623 Narrat.
920 2572 1044 2623 historie.
1065 2574 1098 2622 de
1118 2573 1335 2628 Melanchtbonis

201 2657 337 2706 sententia
358 2673 389 2708 ao
407 2657 594 2709 controversia
614 2654 721 2707 coenae
740 2653 848 2707 Domini
867 2671 893 2721 p.
914 2657 976 2710 ll.“

419 2771 589 2856 Stephano
617 2768 762 2853 Vr'gu'lt'n,
785 2775 822 2832 A
828 2776 1007 2858 augustensi.

184 2897 210 2958 S.
229 2901 265 2960 D.
305 2901 392 2958 Tuae
421 2897 535 2958 literae
566 2897 695 2956 inerunt
723 2897 804 2963 mihi
831 2905 960 2974 gratae,
990 2899 1034 2960 mi
1058 2901 1237 2978 Stephane,
1275 2903 1332 2964 sed

111 2998 232 3063 tuissent
259 3001 435 3080 gratiores,
464 3000 493 3060 si
522 2999 661 3062 luissent
690 2999 864 3076 longiores.
921 3000 955 3060 Si
987 3002 1059 3082 ipse
1091 3005 1153 3064 huc
1183 3004 1332 3073 redieris,

111 3101 177 3163 dabo
194 3121 332 3182 operam,
353 3111 388 3164 ut
403 3103 545 3178 aliquam
562 3101 780 3164 conditionem
794 3103 1015 3180 consequaris
1035 3123 1097 3180 qua
1113 3113 1144 3166 te
1159 3113 1330 3168 sustentes.

109 3201 139 3262 lit
158 3205 217 3266 scis
240 3205 350 3268 multis
375 3211 580 3284 prospectum
605 3219 678 3264 esse
702 3211 811 3264 nostro
837 3205 961 3278 labore,
987 3222 1085 3280 quare
1111 3224 1169 3268 nee
1192 3207 1252 3270 tibi
1277 3209 1329 3267 de-

23 3307 24 3312 ’
109 3304 193 3367 loturi
216 3329 334 3370 snmus.
370 3311 452 3389 Περὶ
476 3309 604 3369 δείπνου
627 3309 779 3388 κυριακοῦ
798 3309 949 3368 adhortor
963 3314 995 3367 te
1010 3315 1142 3386 propter
1159 3309 1329 3379 Christum,

108 3424 140 3466 ne
167 3411 296 3474 factioni
326 3412 516 3490 Cinglianae
548 3410 739 3472 adsentiare.
792 3411 857 3486 Ego
882 3429 1004 3473 summa
1027 3411 1200 3488 diligentia
1223 3413 1329 3475 scribo

106 3507 160 3572 ium
181 3515 333 3578 adversus
359 3514 481 3592 Cinglii
503 3515 619 3592 dogma
642 3513 681 3576 ad
705 3515 740 3573 D.
768 3511 961 3589 Utanumb.
1014 3515 1051 3574 Et
1073 3515 1164 3574 brevi
1189 3517 1330 3591 prodibit

104 3629 196 3676 meum
224 3614 424 3693 scripturn²p
473 3615 561 3676 Nihil
592 3621 698 3675 metuo
729 3630 792 3686 nec
819 3614 991 3684 invidiam,
1021 3632 1078 3676 nec
1108 3615 1329 3685 helvetiorum

102 3715 285 3784 violentiam.
343 3719 452 3782 Didici
491 3717 575 3780 enim
611 3717 720 3780 multis
758 3717 907 3781 maximis
945 3719 1176 3782 tentationibus
1214 3723 1328 3800 dogma

103 3818 210 3897 Cinglii
233 3821 370 3898 impium
401 3830 432 3883 et
462 3823 577 3884 falsum
602 3836 695 3888 esse,
727 3827 758 3880 et
781 3822 862 3880 hanc
893 3837 995 3882 meam
1030 3823 1200 3899 epistolam
1223 3827 1328 3903 patiar

101 3925 128 3978 te
154 3925 340 4002 ostendere,
378 3923 493 4000 quibus
523 3921 677 3984 volueris.
738 3921 883 3998 Magnum
914 3931 963 3984 est
993 3925 1172 4002 periculum
1201 3931 1239 3990 ab
1270 3929 1328 3990 illa
1388 3945 1391 3951 ·

101 4023 238 4088 lectione.
273 4027 349 4087 Ideo
375 4026 515 4097 videris,
540 4043 580 4088 ne
603 4032 635 4086 te
658 4024 793 4101 patiaris
816 4045 836 4086 a
859 4025 996 4088 veritate
1022 4034 1053 4090 et
1076 4028 1219 4106 simplici
1242 4029 1325 4094 Scri-

102 4133 202 4198 pturae
226 4129 388 4190 sententia
410 4128 561 4194 abstrahi.
606 4129 687 4188 Vale
711 4127 882 4187 foeliciter.
928 4129 990 4188 XX.
1015 4130 1102 4190 Junii
1126 4149 1152 4190 a.
1177 4133 1237 4196 inc.

1018 4215 1195 4311 Philippus.

175 4333 235 4397 llas
259 4334 374 4400 literas
395 4351 483 4396 meas
508 4349 629 4410 quaeso
653 4341 703 4412 te,
725 4339 760 4393 ut
784 4333 906 4393 Ulmum
930 4333 1036 4396 mittas
1060 4336 1101 4396 ad
1123 4337 1273 4402 Ulrieum.

103 4461 292 4480 Ἢ

179 4503 204 4570 1)
229 4503 283 4554 Ulr.
304 4503 442 4554 Wieland.
481 4503 557 4555 Doni.
579 4502 677 4554 Keimii
697 4509 819 4555 annotat.
839 4504 872 4554 ad
891 4505 918 4554 b.
931 4504 949 4555 l.

134 4601 138 4607 ·
177 4587 204 4654 1)
228 4587 282 4641 Hoc
307 4589 455 4655 scriptum,
480 4591 550 4654 quod
574 4588 638 4643 tter.
663 4607 687 4645 a.
709 4592 783 4644 1530.
834 4587 956 4656 Maeonio
984 4589 1137 4654 dedicavit,
1158 4593 1185 4643 d.
1212 4595 1236 4646 3.
1259 4594 1321 4648 Jun.

106 4669 170 4726 1530.
187 4676 301 4726 nondum
318 4675 477 4742 prodierat,
499 4677 561 4728 vide
582 4692 650 4739 qnae
670 4677 791 4727 Keimius
812 4677 874 4727 huic
895 4676 954 4727 loco
974 4677 1125 4728 adnotavit.
