3120 5206
498 1935 967 2049 Paennaottnltl.

627 2253 830 2260 ——-——-....

191 2477 304 2554 Ratio,
324 2473 400 2552 ‘quo
433 2473 464 2535 ir
490 2477 537 2534 his
561 2473 783 2550 supplementis
814 2492 889 2534 usus
913 2493 990 2545 snm,
1028 2471 1137 2536 eedem
1163 2484 1210 2536 est
1245 2491 1281 2534 ac
1317 2475 1365 2562 in—

12 2607 13 2614 ’
107 2597 174 2674 ipso
199 2599 343 2672 Corpore
367 2596 433 2658 uer.
473 2613 499 2656 e.
525 2615 550 2658 a.
585 2597 613 2656 in
638 2593 869 2671 supplementis
899 2599 994 2655 Tcmc
1019 2588 1067 2656 tv.
1093 2589 1223 2656 innexis
1261 2593 1347 2655 inve-

13 2749 14 2760 *
106 2719 195 2798 nitur,
217 2716 275 2780 ubi
296 2737 430 2778 nument
453 2716 614 2799 epistolae
637 2714 703 2800 (vel
726 2715 848 2776 consilii
869 2715 944 2796 etc.)
966 2714 1264 2797 supplementorum
1297 2717 1348 2777 ad-

107 2840 241 2917 scriptus
264 2847 311 2899 est
335 2853 490 2900 mimicos
513 2835 673 2918 epistolae
695 2833 858 2918 Corporis,
881 2851 969 2911 quam
995 2835 1128 2911 epistola
1151 2835 1348 2912 supplemen-

107 2967 206 3021 torum
232 2956 529 3034 temporeprcxirne
553 2957 701 3034 sequitur,
726 2955 846 3019 addita
868 2955 969 3018 litera
991 2953 1032 3029 b„
1057 2959 1089 3017 el
1110 2955 1260 3019 celsimen
1271 2954 1349 3018 (ἴον-

104 3088 194 3164 poris
218 3087 355 3162 eiusque
376 3085 518 3163 pugium
543 3075 602 3143 ubi
627 3079 689 3140 illa
711 3079 849 3158 legitur.

190 3220 327 3282 Maxima
349 3218 443 3281 huius
465 3220 541 3281 tomi
570 3236 641 3295 pars
663 3225 832 3297 occupatur
854 3219 1009 3301 epistolis,
1043 3221 1138 3279 multo
1163 3217 1262 3281 rninor
1296 3222 1349 3277 iu-

107 3341 214 3414 diciis,
240 3341 397 3411 consiliis,
419 3347 615 3402 testimoniis
646 3341 790 3422 aliisque
810 3344 955 3424 scriptis,
990 3339 1160 3400 cuiusmodi
1197 3340 1351 3413 parmulla

108 3462 196 3525 etiam
228 3461 261 3523 in
287 3464 426 3537 Corpore
451 3461 594 3539 epistolis
619 3460 806 3535 interposita
828 3468 905 3522 sunt.
950 3457 1123 3551 Epistulae
1158 3458 1189 3519 iu
1213 3459 1273 3521 tria
1293 3479 1347 3539 ge·
1380 3493 1382 3496 ·

107 3601 179 3645 uera
201 3583 436 3661 dispertiendae
458 3591 547 3646 sunt:

191 3727 231 3787 A.
264 3723 448 3802 Epistulae?
468 3706 545 3800 qrras
567 3723 852 3786 Melanchlhon
881 3727 926 3787 ad
950 3721 1057 3788 alios
1086 3721 1221 3803 scripsit.

264 3844 376 3907 Harum
402 3853 465 3906 tras
489 3846 607 3905 classes
629 3853 701 3906 sunt
725 3845 986 3924 distinguendae:

281 3967 308 4025 1.
340 3964 510 4040 Epistulae,
536 3981 613 4040 qrras
636 3964 724 4025 solus
745 3981 868 4046 suoque
890 3972 1019 4028 nomine
1042 3966 1185 4043 scripsit;

278 4087 306 4145 2.
342 4085 510 4163 Epistolae,
535 4103 611 4160 quas
633 4092 705 4168 ipse
725 4083 889 4148 Electoris
913 4092 1041 4149 nomine
1064 4086 1207 4162 scripsit3

281 4207 309 4265 3.
343 4204 512 4283 Epistulae,
528 4224 604 4282 quas
626 4213 826 4271 coniunctim
848 4223 922 4271 cum
943 4209 1022 4269 aliis
1045 4209 1094 4266 vel
1119 4205 1191 4286 ipse
1207 4204 1350 4285 scripsit,

362 4329 413 4386 vel
438 4331 553 4388 turrium
577 4326 766 4404 subscripsit.

189 4444 223 4503 B.
262 4444 430 4525 Epistulae,
457 4465 535 4524 quas
560 4448 632 4509 alii
655 4451 700 4511 ad
724 4449 1069 4513 Melanchthonem
1104 4449 1154 4512 vel
1176 4451 1275 4513 solum
1297 4453 1348 4512 vel

265 4567 357 4626 etiam
381 4569 419 4630 ad
446 4569 526 4630 alios
550 4571 734 4632 coniunctim
755 4570 957 4648 scripserunt.
