3064 5206
256 343 323 418 etet
654 349 899 410 ememusque
917 349 1002 404 snut
1021 351 1098 405 rosa.

257 515 298 603 Ut
320 521 424 576 lernen
449 514 507 572 bos
532 524 658 584 quoque
683 507 841 569 omittam:
870 521 920 568 me
949 523 1011 566 non
1042 506 1156 566 leviter
1186 505 1315 582 pungit,
1346 518 1428 578 quac
1456 501 1484 562 iu

257 626 367 682 nostre
389 611 526 676 docendi
549 612 671 674 ratione
695 609 790 672 nimis
814 611 918 686 palem
938 607 1135 686 conspicitur
1148 605 1369 686 repugnantia.
1400 603 1485 680 Equi-

259 723 330 786 dem
358 739 420 782 uon
451 719 580 793 ignoro,
611 715 639 775 si
669 714 745 790 quid
775 714 866 774 detur
895 712 1056 773 bominum
1086 710 1287 781 auctoritati,
1321 711 1418 786 longe
1441 724 1484 768 oc-

259 823 357 901 quius
378 835 470 889 esse,
499 824 535 878 ut
556 814 615 877 tibi
639 813 853 884 subscribunt,
887 831 981 889 quem
1010 819 1044 872 ut
1067 811 1155 874 tuin
1180 809 1372 874 sententium
1395 826 1486 870 meam

259 925 446 990 descendas.
490 920 609 980 Verum
633 918 666 980 id
690 935 750 980 nou
773 919 895 994 agitur:
920 931 1023 990 neque
1048 913 1146 978 etium
1169 931 1187 976 e
1210 912 1276 991 piis
1296 911 1416 976 Christi
1438 910 1485 972 uri-

261 1029 370 1096 nistris
394 1023 564 1102 optandum
588 1027 646 1084 est.
681 1019 748 1082 lloc
770 1018 898 1080 scilieet
919 1019 1033 1094 quaeri
1056 1017 1214 1092 utrimque
1232 1017 1348 1084 deret‚·
1372 1021 1407 1074 ut
1424 1031 1486 1074 con·

259 1131 436 1216 seritiemus
460 1127 492 1188 in
516 1142 626 1202 puram
648 1124 709 1184 Dei
732 1122 911 1182 veritatem.
947 1121 996 1180 lle
1020 1127 1144 1188 eutem.
1169 1125 1202 1180 ut
1225 1119 1368 1194 ingenue
1392 1115 1487 1182 talcar,

260 1236 376 1314 religio
408 1228 560 1308 impedit,
590 1241 631 1286 ne
652 1223 712 1284 tibi
742 1221 775 1284 iu
805 1223 865 1284 bec
893 1221 1059 1282 doctrinae
1091 1227 1182 1297 porte
1211 1219 1381 1280 ceccdarn:
1415 1217 1487 1292 quod

261 1341 356 1404 uiruis
371 1330 597 1412 philosophice
620 1329 659 1388 de
679 1328 780 1388 libero
797 1323 928 1388 arbitrio
945 1325 1110 1402 disputare
1127 1323 1264 1383 uideris:
1289 1323 1320 1381 in
1340 1320 1487 1382 electione

262 1439 423 1511 tractanda
447 1434 527 1500 nibil
550 1430 637 1493 aliud
661 1431 779 1490 bebere
800 1426 1016 1506 propositum,
1039 1427 1104 1490 uisi
1127 1433 1161 1486 ut
1183 1433 1216 1486 te
1240 1415 1288 1486 ad'
1302 1437 1487 1486 coruruunern

263 1547 425 1610 bominum
448 1553 575 1602 sensnm
598 1531 829 1597 accommodes.
880 1529 992 1605 Neque
1023 1530 1108 1592 enirn
1130 1526 1381 1591 hallucinationi
1405 1521 1486 1589 tribui

263 1655 324 1716 boc
348 1650 470 1726 potest,
494 1638 577 1717 quod
600 1639 693 1701 borno
716 1641 844 1704 acutus,
868 1640 902 1692 et
925 1633 1079 1709 prudens.
1096 1639 1137 1692 et
1160 1632 1191 1692 in
1214 1629 1381 1705 Scriptura
1403 1629 1487 1704 probe

265 1751 474 1816 marticulus,
498 1739 689 1803 electionem
713 1734 775 1798 Dei
803 1753 872 1798 curu
903 1735 1169 1812 promissionibus
1201 1730 1391 1799 contundis,
1420 1743 1487 1804 quae

265 1863 337 1920 sunt
359 1853 538 1916 uniuersae¹
591 1841 678 1904 Nihil
703 1838 789 1904 euim
810 1840 912 1917 nangis
942 1845 1054 1901 uotum.
1081 1845 1147 1907 est,
1179 1853 1272 1912 quam
1296 1835 1391 1894 verbi
1412 1846 1487 1910 prae·

265 1957 459 2023 dicationem
487 1946 633 2012 omnibus
658 1941 839 2020 promiscue
863 1957 937 2005 esse
961 1957 1174 2010 communem.
1207 1941 1264 2001 sed
1295 1938 1376 2000 fidei
1404 1933 1487 2012 Spiri-

264 2071 331 2126 turn
353 2059 431 2121 solis
456 2051 568 2114 electis
593 2044 748 2124 singulari
772 2042 948 2122 privilegio
972 2042 1091 2106 doceri.
1132 2040 1310 2106 Universae
1336 2047 1409 2104 suunt
1430 2055 1487 2113 pso.

267 2165 461 2230 missiones·
500 2152 562 2228 eut
592 2153 627 2212 st
659 2150 755 2226 igitur
784 2153 819 2208 ut
848 2165 910 2214 non
946 2161 1110 2222 peraeque
1136 2145 1220 2226 apud
1252 2129 1366 2209 omues
1396 2140 1487 2216 vigent

266 2287 375 2336 aarum
399 2255 566 2329 efficacia?
612 2254 733 2330 Nempe
757 2249 835 2326 quic
855 2266 916 2315 non
941 2247 1085 2313 omriibus
1110 2247 1272 2312 brachium
1302 2264 1397 2308 suum
1416 2245 1487 2306 Deru

267 2369 428 2452 patefecit.
480 2363 546 2426 Nec
570 2374 646 2420 vcro
670 2354 754 2430 epod
784 2354 931 2418 homiues
961 2351 1166 2416 mediocriter
1188 2349 1221 2413 iu
1244 2347 1411 2425 Scriptura
1433 2360 1485 2403 ver-

267 2468 354 2540 sitos
378 2489 415 2536 ea
439 2486 490 2532 res
516 2461 735 2539 disputatione
764 2455 905 2532 indiget:
935 2471 1030 2530 quum
1060 2452 1180 2532 puriter
1208 2452 1357 2516 omnibus
1387 2443 1486 2512 Christi

266 2579 400 2660 gratiani
424 2573 556 2636 offerunt
581 2560 827 2641 promissiones:
852 2567 884 2620 et
907 2542 1040 2620 externo
1062 2573 1143 2620 voce
1167 2555 1390 2622 invitetDeus
1412 2565 1486 2627 quos-

267 2685 347 2752 libet
369 2682 401 2741 iu
426 2677 580 2738 salutem:
606 2665 769 2744 pecudique
793 2677 867 2722 esse
890 2661 968 2722 fidei
990 2661 1114 2723 donum.
1159 2655 1303 2720 illiniti
1326 2657 1434 2719 videor
1452 2659 1483 2710 to-

267 2796 332 2850 tum
354 2788 435 2844 liene
459 2773 697 2854 quaestionem,
722 2763 865 2844 quemvis
890 2763 1043 2838 impedita
1065 2765 1109 2825 sit
1131 2780 1170 2824 ac
1192 2762 1333 2837 spinosa,
1360 2755 1486 2836 pqoximc

267 2890 359 2956 edito
380 2885 491 2947 libello
506 2879 528 2956 ¹)
552 2873 692 2945 dilucide
716 2867 907 2946 explicasse.
961 2867 1060 2937 Quurn
1086 2881 1135 2932 res
1157 2865 1239 2926 odeo
1263 2864 1362 2939 plena
1384 2861 1439 2929 sit,
1464 2863 1487 2916 tc

266 3012 312 3056 err
335 2989 433 3056 enimi
455 3000 552 3048 seusu
571 2993 703 3055 prorsus
727 2974 888 3039 diversum
909 2970 1052 3038 trudere,
1083 2984 1176 3032 nemo
1208 2966 1270 3028 erit
1299 2964 1374 3028 suni
1394 2956 1488 3024 iudicii

271 3088 552 3174 ccipersu-edees.
602 3081 714 3141 Curam
744 3073 839 3142 siunt
870 3080 901 3134 et
930 3072 1076 3139 dolorem
1101 3069 1180 3134 ruibi
1210 3073 1323 3144 auget,
1363 3064 1441 3142 quod
1465 3067 1488 3120 te

271 3199 366 3265 uideo
384 3195 455 3261 ,hec
484 3190 516 3249 iu
547 3201 584 3246 re
610 3177 847 3259 propemodum·
868 3190 942 3239 esse
969 3172 1018 3246 lui
1039 3170 1238 3242 dissimilem,
1284 3169 1390 3243 Audio
1413 3163 1488 3227 enin.

272 3317 365 3378 quum
395 3302 464 3361 tote
493 3291 599 3355 oblate
635 3289 720 3350 esset
755 3278 891 3344 formula
921 3283 1052 3348 nostrae
1081 3291 1150 3336 cunr
1181 3270 1333 3350 Tigurina
1362 3263 1488 3332 Ecclesia

272 3394 513 3473 coriscusionis‚
536 3387 681 3468 protinus
705 3389 831 3458 arrepto
855 3382 976 3445 cathamo
1001 3375 1325 3444 sententiarumque,
1353 3386 1430 3450 quac
1441 3361 1488 3431 Dei

269 3509 396 3576 electos
414 3519 438 3568 a
458 3494 620 3573 reprobis.
634 3503 730 3568 parce
760 3493 790 3544 et
820 3484 927 3562 sobrie
956 3478 1128 3552 discernit,
1158 3479 1216 3550 abs
1231 3533 1234 3544 ,
1248 3485 1279 3538 te
1312 3475 1413 3553 luisse
1433 3485 1488 3533 cou-

273 3613 400 3675 iosseur.
445 3599 535 3672 Quod
556 3602 644 3657 certo
668 3593 706 3654 sb
730 3587 855 3666 ingenii
877 3585 925 3647 tui
948 3566 1207 3653 mausuetudine,
1231 3587 1265 3643 ut
1288 3579 1354 3649 elie
1376 3585 1488 3640 tacecn

275 3713 367 3779 valde
391 3697 548 3775 abhorret.
595 3699 703 3780 ltaque
727 3700 759 3767 ut
783 3707 888 3758 uncum
909 3690 1054 3758 libellum
1068 3688 1212 3763 degere,
1243 3683 1293 3753 vel
1318 3684 1427 3746 saltem
1447 3690 1487 3754 gt·

272 3806 560 3882 stacoisnstineas,
590 3821 652 3864 non
682 3816 776 3876 rogo:
807 3792 884 3870 quin
907 3791 940 3854 id
962 3793 1079 3865 frustrat
1108 3785 1188 3848 ruint
1217 3787 1359 3851 tacimus
1389 3779 1487 3846 vincor.

274 3919 401 3983 Uticam
423 3909 539 3978 hisde
560 3908 656 3968 rebus
673 3896 978 3973 ,cormrrtaliquaudo
1002 3892 1146 3968 colloqui
1169 3889 1293 3974 liceret.
1340 3887 1435 3958 Notus
1451 3880 1487 3938 cst

269 4019 356 4088 mibi
375 4026 448 4084 tuus
467 3994 606 4080 ’crunon
629 4009 801 4084 perspecta
823 3999 1006 4078 ingenuitas
1030 4003 1062 4061 el
1078 3992 1281 4065 xmoderatio:
1311 3989 1414 4068 pietas
1430 3994 1487 4042 reru

352 4221 389 4288 l)
413 4220 462 4290 ilic
480 4215 604 4290 libellus,
630 4225 709 4276 quem
728 4206 855 4259 curicus
881 4203 999 4275 omnium
1021 4199 1219 4252 Geneueusium
1244 4202 1385 4264 pastorum
1402 4183 1486 4240 nomint

276 4309 389 4360 Senatui
403 4301 554 4373 Geucveusi
570 4301 596 4378 d.
611 4301 634 4365 l„
648 4287 768 4345 lanuurii
785 4293 860 4342 1552.
881 4289 1034 4364 dedicavit,
1057 4285 1207 4358 inscriptus
1227 4288 1282 4333 est:
1302 4278 1347 4329 De
1367 4276 1487 4328 celcris

276 4395 338 4446 Del
362 4372 714 4460 praedestinatio'rre3
740 4392 791 4441 qua
815 4377 843 4426 iu
869 4364 986 4440 silutem
1006 4371 1074 4435 allos
1101 4385 1135 4420 ex
1152 4366 1309 4439 bominibus
1329 4362 1420 4428 elegit,
1438 4352 1487 4404 elit!

278 4497 327 4531 suo
352 4479 436 4528 exitio
461 4472 585 4537 reliquit3
611 4469 682 4518 item
706 4465 749 4516 de
776 4459 1024 4532 providentis,
1054 4466 1107 4521 quc
1132 4463 1191 4506 res·
1208 4451 1343 4502 humanae
1369 4439 1486 4514 gubernet

279 4563 480 4616 Gousensus
504 4544 928 4627 pustoiruu1·¹e=ener³encts
945 4537 1153 4607 ,·ecciesiee,·
1179 4537 1272 4590 uolo.
1292 4533 1433 4588 Calvino
1454 4533 1486 4572 ⁸¹¹

273 4650 403 4720 μείω,
420 4643 592 4707 uteremur
609 4639 660 4693 tlt
675 4637 755 4696 ,Tomi
767 4635 867 4695 utre.
883 4636 907 4686 1.
925 4647 952 4699 p,
966 4632 1011 4687 82..
1053 4670 1056 4685 .
