3064 5206
213 283 293 362 tw
608 304 859 364 ‚summarum
885 306 968 362 auur
988 307 1064 361 asso.

220 461 309 540 longi
332 462 488 540 temporis
511 463 749 532 beneficiorum,
772 462 825 522 vel
848 477 967 524 memor
990 460 1085 526 etiam
1109 479 1178 526 oum
1200 462 1266 522 ulla
1287 459 1381 522 animi
1401 458 1438 518 ot-

218 566 383 636 lensione,
420 582 503 643 quae
526 565 612 628 enim
636 580 737 641 nuper
759 563 799 626 ad
822 571 855 624 te
878 565 1052 628 scribebam
1076 566 1214 628 tortasse
1237 581 1298 624 uun
1323 576 1439 624 consen-

219 675 312 730 tanea
344 677 470 732 vestrae
494 669 649 739 Seirolae,
686 669 717 730 in
747 665 962 730 Eorlesiarum
995 667 1149 742 publicam
1180 663 1440 744 tranquillitatem,

217 789 278 832 nou
303 779 336 831 at
360 780 470 836 essent
491 773 628 834 adversa
649 769 726 840 tibi,
756 772 990 834 submonebant.
1034 773 1140 832 Ausus
1163 771 1260 832 etiam
1282 787 1350 830 sum
1377 785 1440 844 poe·

217 873 354 936 motibus
377 875 459 938 meis
481 872 594 936 testari
614 880 647 934 et
669 872 832 938 declarare
845 873 928 934 ralla
951 889 1056 934 ruemn
1077 874 1108 936 in
1131 877 1165 936 to
1188 873 1338 948 studium,
1358 868 1440 945 quasi

217 978 249 1039 id
272 986 361 1039 esset
381 977 516 1041 oifioioli
539 978 672 1056 aliquid,
706 995 776 1040 rum
798 976 917 1054 gratias
940 993 1037 1055 agere
1060 977 1198 1040 debeant
1219 975 1347 1045 Musae,
1373 973 1400 1034 si
1424 991 1440 1034 a

217 1081 322 1142 doctis
346 1079 396 1142 vel
418 1079 573 1158 legantur.
601 1079 704 1140 Velim
728 1078 826 1156 igitur
851 1080 911 1142 tale
935 1078 1011 1156 quid
1035 1095 1109 1142 esse
1120 1079 1243 1140 Literas
1255 1093 1355 1148 meas,
1368 1091 1439 1152 quaa

217 1185 256 1246 ad
280 1191 310 1244 te
333 1185 467 1258 dautur3
501 1201 571 1246 narn
596 1183 662 1261 legi
686 1183 758 1244 illas
781 1185 837 1246 abs
860 1188 893 1244 te
918 1184 1007 1253 volo,
1036 1191 1071 1244 ut
1093 1181 1208 1246 honori
1230 1183 1359 1251 ducant,
1391 1195 1440 1240 neo

177 1285 178 1288 ’
217 1285 428 1364 importunius
452 1287 586 1366 exigunt
609 1302 813 1362 responsum3
838 1284 1008 1348 tuasenim
1030 1285 1157 1347 tametsi
1180 1285 1366 1349 avidissimo
1385 1283 1440 1343 iam

205 1391 271 1458 aiu
295 1396 430 1466 expecto
455 1407 515 1451 non
541 1395 643 1452 tamen
668 1405 807 1466 prouoco
832 1390 871 1452 ad
895 1395 1068 1468 certamen,
1103 1391 1161 1450 sed
1194 1395 1228 1449 ut
1252 1390 1368 1451 amicas
1395 1405 1440 1448 ao-

216 1493 336 1570 strique
367 1491 509 1554 vicissim
531 1507 688 1554 memores
719 1492 877 1556 desidero.
921 1492 1066 1555 Fortasse
1095 1491 1189 1556 exilii
1219 1493 1313 1553 istius
1344 1491 1440 1551 volun·

215 1596 288 1654 tarii
313 1597 375 1656 mei
398 1594 499 1656 locum
525 1596 665 1672 ignoras,
698 1597 753 1673 qui
776 1597 858 1658 situs
883 1603 932 1658 est
962 1597 994 1656 in
1018 1595 1240 1675 Tigurinorum
1262 1613 1338 1673 agro
1374 1590 1440 1655 soli-

215 1697 316 1758 tarius
340 1698 579 1776 propemodum,
609 1705 641 1760 et
670 1699 853 1762 commodus
883 1698 1008 1778 priuato
1038 1701 1101 1762 iam
1130 1697 1208 1760 mihi
1238 1697 1441 1776 agriculturae

216 1807 248 1860 et
269 1799 376 1862 Sauris
400 1799 516 1862 Litoris
538 1801 658 1872 dedito,
683 1801 792 1880 ibique
814 1801 951 1864 meditor
972 1804 1014 1864 de
1037 1819 1116 1880 paee
1141 1809 1173 1864 et
1195 1799 1440 1866 concor-diablo

215 1909 334 1964 olorum
357 1903 429 1974 Dei,
452 1921 534 1979 quaa
557 1906 585 1965 si
608 1905 673 1965 vitu
697 1905 873 1982 superstite
895 1905 1109 1978 absolvantur,
1132 1905 1179 1966 sio
1202 1905 1312 1978 etiarm
1341 1901 1370 1964 si
1391 1897 1440 1961 tihi

215 2007 397 2080 aereusque
421 2006 593 2068 luminibus
616 2025 677 2068 non
701 2007 931 2084 displicuerint„
964 2009 1039 2072 Tuis
1064 2016 1170 2072 eutem
1192 2005 1308 2070 Litoris
1341 2005 1371 2067 si
1395 2019 1438 2066 me

214 2115 248 2168 ut
279 2110 355 2170 olim
384 2109 485 2170 tueris
512 2111 678 2188 dignatus,-
708 2113 746 2172 ad
770 2113 988 2190 Bullingerum
1020 2113 1093 2175 illas
1116 2113 1224 2184 dabis,
1241 2118 1245 2133 '
1262 2127 1356 2189 quern
1378 2107 1440 2168 uiso

215 2211 380 2283 interdurn,
405 2213 680 2276 Virumdoxtrum
703 2221 735 2276 et
759 2217 852 2276 valde
875 2215 1049 2278 studiosum
1073 2219 1131 2288 tui,
1162 2215 1212 2277 eui
1239 2214 1268 2276 si
1289 2211 1379 2276 multi
1406 2227 1438 2272 es

215 2315 390 2392 praeclaris
412 2323 523 2378 essent
551 2316 692 2389 similes,
728 2320 812 2378 nulla
844 2320 951 2397 gravis
984 2321 1128 2382 simultas
1157 2326 1244 2380 esset
1277 2317 1309 2379 in
1333 2312 1440 2378 Christi

215 2417 403 2490 candidatis,
428 2421 482 2496 qui
507 2439 589 2482 nunc
611 2427 719 2486 mutuo
743 2423 814 2485 uelo
838 2437 874 2482 se
899 2424 1012 2488 rodunt
1035 2422 1173 2502 capitum
1197 2421 1361 2485 doctrinae
1382 2419 1440 2496 pie-

215 2521 289 2582 tatis
320 2541 470 2584 summurn
493 2526 724 2600 posthabentes
749 2525 1368 2604 elementariissuperstitionibussuis
1395 2521 1439 2582 ad-

217 2625 340 2685 modum
364 2625 509 2702 adrersis
533 2627 650 2688 Christi
673 2636 706 2689 et
727 2628 888 2690 Mosaicae
912 2629 1044 2707 primori
1066 2628 1202 2692 tabulae.
1247 2630 1380 2701 Quorum
1402 2627 1440 2686 iu·

215 2733 320 2802 eptam
343 2729 577 2789 vehementiam
602 2730 794 2792 etiamnunc
816 2739 848 2792 te
872 2749 931 2809 per
945 2739 1141 2794 servatorem
1156 2749 1363 2802 columpnam,
1377 2729 1439 2792 Plri-

215 2829 320 2908 tippe,
359 2848 453 2908 rogo,
490 2839 522 2891 ut
551 2831 680 2910 mitiges
709 2836 794 2912 apud
817 2852 890 2910 eos,
913 2837 981 2922 'qui
1010 2842 1042 2896 te
1066 2843 1257 2897 venerantur
1281 2841 1313 2895 et
1336 2836 1438 2896 colunt.

214 2931 311 2991 Venit
333 2932 412 2993 urilri
435 2950 536 3010 nuper
559 2933 591 2996 iu
609 2954 718 2997 rnanus
742 2927 910 3016 Elegidion
935 2945 1032 3009 tuum,
1056 2957 1118 3016 quo
1142 2935 1299 3000 rue-olim
1317 2935 1437 2998 iubebas

213 3048 384 3096 memorem
407 3037 453 3108 tui
477 3037 623 3114 iuspecto
646 3040 771 3119 pinuae,
786 3057 890 3127 'quem
905 3042 1013 3114 dabas,
1038 3042 1257 3117 commendare
1273 3041 1438 3118 Philippum

213 3134 342 3198 diuinae
367 3137 484 3201 Christi
509 3140 633 3216 pietati.
680 3143 711 3202 ld
743 3161 806 3220 quo
829 3145 936 3214 studio
967 3144 1099 3208 fecerim
1130 3152 1162 3206 et
1192 3160 1321 3224 pergam
1344 3145 1438 3206 iurare

213 3242 299 3316 opto,
337 3248 372 3301 ut
395 3240 527 3314 sautius,
561 3259 678 3318 ineque
714 3228 832 3306 mutuis
857 3224 941 3323 votis
973 3255 1007 3310 ut
1027 3249 1112 3324 apud
1138 3244 1436 3322 eundorninsinues.

213 3341 290 3404 Vale
314 3343 357 3404 mi
382 3347 580 3408 observande
605 3348 765 3410 etdulcis
788 3350 899 3411 amica.
944 3352 1057 3415 Datum
1081 3352 1111 3412 in
1136 3351 1235 3412 lando
1257 3367 1328 3410 rneo
1350 3363 1435 3408 serus

212 3447 344 3522 patriam
374 3450 500 3520 orbern,
531 3451 618 3512 untie
644 3453 799 3512 exhausta
825 3451 984 3514 vindemia
1018 3460 1160 3514 revauar
1188 3449 1228 3514 aa
1252 3467 1348 3512 meos.
1389 3449 1437 3508 Ca·

103 3606 107 3610 .
212 3549 317 3612 lendis
341 3553 486 3614 Octobris
512 3555 603 3616 1556.

296 3653 340 3712 Te
364 3653 466 3715 saluto
479 3655 642 3718 Ambrosii
663 3657 770 3720 fratris
794 3658 936 3729 numiam
945 3661 1110 3721 Christum
1119 3657 1341 3738 praedicantis
1362 3655 1434 3733 apud

210 3749 372 3826 eleanam,
398 3775 489 3837 quum
514 3759 637 3843 Bielam
662 3770 782 3824 vocant.
1027 3761 1032 3771 '

861 3825 997 3928 Thomas
1021 3869 1190 3937 Blaurerus
1213 3875 1295 3939 tuus.

722 4005 927 4021 m*-

211 4099 282 4160 416.
318 4101 499 4164 habbath
544 4105 619 4188 (Vol.
636 4111 717 4168 vm.
741 4132 769 4185 ρ.
782 4109 870 4194 Sto.)
1235 4129 1240 4136 ‘
1325 4121 1352 4178 5.
1371 4115 1424 4174 Oet.

314 4186 485 4216 Μ
1307 4203 1428 4236 Μ’

602 4287 805 4356 Frunoieeo
829 4286 1044 4381 Dryuudro.
1092 4341 1096 4360 .
1159 4340 1164 4358 .

278 4406 319 4459 Ex
337 4409 377 4462 Io.
395 4411 501 4464 Feahtii
518 4414 659 4467 ilistoriaa
678 4417 882 4469 eomesiastioae
901 4418 991 4471 Saeuh
1008 4419 1082 4472 XVl.
1103 4419 1300 4490 Supplemento
1318 4425 1430 4491 (franeo-

312 4495 378 4546 iurti
397 4502 424 4547 et
442 4497 540 4565 Spirae
560 4502 636 4556 11184.
664 4499 725 4568 4⁰),
756 4503 803 4554 ubi
831 4506 857 4554 in
877 4503 1055 4571 Epistoiarum
1073 4507 1290 4574 theologicarum
1316 4511 1389 4561 Parte
1400 4506 1427 4556 ll.

313 4581 359 4647 (ab
378 4599 404 4637 r.
419 4585 494 4638 lbbt).
514 4601 600 4650 usqae
621 4588 655 4638 ad
675 4602 699 4638 a.
715 4588 810 4655 1111111.)
824 4607 851 4657 p.
863 4591 898 4645 bt)
915 4605 956 4656 sq.
974 4607 1018 4649 uo.
1031 4589 1088 4644 XL.
1108 4593 1177 4644 haee
1196 4595 1314 4664 epistula
1331 4588 1427 4660 ie'gltur.
