3120 5206
481 299 727 350 surriirmrnrn
754 299 932 352 arnimar.
1043 365 1046 372 ¹
1283 280 1326 352 ie

108 473 163 514 rmn
177 455 269 514 videa
287 470 326 514 eo
344 455 375 514 in
392 460 474 514 statu
495 461 523 514 et
546 469 618 514 esse
644 459 676 512 et
697 455 831 516 sutiirum
857 471 946 524 esse,
970 461 1004 512 ιιι
1026 469 1202 530 agnoscere
1225 454 1327 532 possi-

31 609 34 618 .
107 572 177 627 inus,
199 575 273 618 vasa
296 575 355 616 nos
380 572 453 616 esse
477 563 595 616 tantum
626 557 720 616 huius
751 555 892 616 thesauri
922 547 1113 640 ὀστράκινα,
1141 573 1200 616 nec
1229 572 1326 634 passe

107 667 198 720 nostro
223 660 360 720 consilio
385 667 438 720 aut
462 658 632 736 diligentia
654 675 719 718 rem
745 666 863 720 tantum
893 659 962 737 r'egi
994 676 1030 720 ac
1060 660 1237 737 gubernari.
1283 661 1328 720 Tu

106 763 244 822 Christum
269 770 398 840 rogato,
428 770 462 822 ιιι
491 763 629 822 fortunet
660 779 782 822 cursum
808 779 845 821 ac
867 762 973 823 studia
995 763 1131 839 piarum.
1181 763 1229 822 De
1258 779 1329 823 mea

106 865 289 935 valetudine,
324 865 429 940 deque
462 869 545 924 statu
575 879 677 923 rerum
708 863 847 923 omnium
877 871 1051 925 nostrarum
1083 865 1251 924 certiorem
1275 865 1328 924 hie

107 967 273 1028 tabellarius
291 965 335 1051 [te
355 963 476 1052 faciet}
515 965 595 1028 Vale
612 975 642 1026 et
658 969 805 1029 rescribe.
840 967 924 1028 Idem
941 965 1039 1027 elicii
1056 973 1087 1026 et
1103 985 1119 1027 a
1136 966 1328 1044 Sigemnndo

107 1071 227 1144 require.
257 1069 366 1131 Saluta
391 1077 572 1129 reverenter
595 1085 665 1129 meo
690 1070 818 1158 nomine
848 1071 1098 1130 lurecansultum
1110 1067 1135 1150 ¹)
1159 1076 1306 1130 vestrum.

1022 1171 1199 1248 Philippus

609 1277 813 1288 ——--—·——-——-

31 1435 33 1452 ³
105 1414 145 1474 30.
191 1419 243 1474 No.
268 1415 357 1475 307⁶.
402 1416 521 1490 (Voti.
544 1415 674 1498 pbbss.)
1108 1412 1328 1498 (eodemanno.)

196 1501 353 1528 Μ
1038 1517 1042 1526 ,
1124 1498 1320 1527 Μ

480 1597 613 1662 loanni
646 1589 943 1681 Oeeelampedio.

165 1721 356 1790 dpograplmm
383 1738 417 1772 ex
441 1721 537 1772 eadem
563 1720 729 1772 Collectione
754 1718 917 1770 Sinileriaiia
943 1717 981 1782 (S.
1002 1719 1068 1776 Mea.
1091 1721 1144 1784 li.)
1172 1721 1205 1770 ab
1233 1721 1328 1774 eodem

191 1809 255 1860 Vira
274 1807 313 1858 cl.
338 1809 442 1874 accepi.

428 1925 491 1990 Ad
516 1927 673 1990 [oannem
695 1927 997 2010 oecolampadinm.

181 2048 293 2109 strix
316 2049 444 2120 eredas,
476 2067 568 2126 qiiam
590 2050 758 2109 molestum
788 2049 868 2109 milii
893 2051 934 2109 sit
958 2049 1120 2110 silentium
1150 2055 1255 2118 tuum,
1286 2048 1330 2108 mi
1353 2054 1370 2070 ²

80 2151 334 2228 -Oecolampadi‚
364 2154 552 2229 praesertim
581 2152 613 2211 in
642 2153 693 2212 liis
724 2151 863 2214 motibus
893 2158 1019 2211 vestrae
1051 2150 1204 2228 regionis.
1257 2150 1329 2211 Sum

106 2254 181 2313 enim
202 2235 408 2315 vehementer
431 2257 596 2326 solicitus,
629 2256 705 2330 quid
735 2256 766 2316 in
797 2257 894 2316 tantis
923 2248 1023 2315 turbis
1059 2255 1188 2314 consilii
1211 2255 1331 2314 habeas

104 2375 136 2416 an
151 2364 286 2433 tequam
303 2361 545 2436 gubernatorem
562 2367 623 2420 tam
647 2359 840 2436 periculosis
863 2357 1107 2434 tempestatibus
1130 2359 1220 2418 clavo
1244 2359 1332 2418 adhi,

104 2461 197 2520 beant.
248 2462 496 2523 OGermaniam
527 2463 705 2531 infelicem,
739 2477 820 2536 quae
843 2461 949 2519 Verbo
979 2459 1040 2521 Dei
1073 2461 1111 2520 ab
1135 2460 1219 2520 omni
1243 2467 1333 2534 parte

105 2563 239 2624 abiititur.
284 2565 522 2625 Antiliitlierani
546 2566 665 2639 ubique
689 2565 753 2622 vim
776 2571 904 2639 parant,
938 2563 985 2622 ilii
1010 2571 1119 2624 contra
1142 2563 1244 2626 nihilo
1269 2581 1332 2623 mc-

105 2664 252 2726 destiores
282 2675 363 2728 sunt.
417 2667 520 2737 Quare
551 2675 581 2728 te
612 2683 667 2743 per
700 2667 858 2726 Christum
888 2667 1064 2736 atilionem·
1085 2667 1205 2744 optime
1234 2668 1333 2727 Oeco-

105 2767 247 2844 lampadi‚
277 2771 402 2846 quando
427 2771 457 2830 in
483 2771 622 2831 statione
644 2771 732 2830 Deus
763 2777 795 2827 te
821 2769 942 2846 posuit,
977 2769 1153 2846 advigile5‚
1184 2777 1333 2845 quantum

105 2877 204 2944 pates,
235 2889 274 2932 ne
297 2869 441 2933 laedatur
470 2873 573 2950 gloria
596 2871 753 2954 Χριστοῦ.
804 2871 892 2931 Nunc
923 2888 1006 2946 pene
1038 2871 1197 2932 debellato
1229 2873 1333 2933 Ponti-

104 2973 172 3043 fice‚
208 2991 256 3035 res
286 2978 425 3036 Lutiiero
457 2977 565 3052 coepit
595 2993 669 3036 esse
706 2993 775 3035 cum
805 2976 898 3035 novis
937 2975 1123 3048 quibusdem
1153 2971 1333 3059 μανιχῆοις,

104 3076 189 3148 plene
212 3077 440 3155 Sanguinariis.
479 3079 516 3138 Et
539 3078 732 3153 Papisticum
757 3078 872 3137 bellum
896 3077 1215 3148 miserabilissime,
1240 3095 1334 3153 quem

105 3180 229 3253 aptarim
253 3181 341 3256 pacis
365 3181 492 3256 potiris,
516 3197 607 3256 quam
631 3197 784 3240 novarum
808 3185 946 3238 motuum
970 3185 1113 3238 autorem
1134 3181 1218 3241 esse.
1252 3181 1333 3240 Seri-

105 3287 182 3354 ptnm
202 3301 205 3306 ·
222 3283 292 3344 eius
332 3287 405 3364 περὶ
447 3279 633 3366 ἑκουσίον)
676 3289 846 3358 exceptum
883 3287 930 3340 est
964 3283 1170 3357 aequissimis
1210 3282 1333 3344 animis.

104 3384 249 3446 lutherus
284 3388 381 3463 plane
412 3388 600 3464 pollicetur,
637 3403 673 3446 se
702 3385 958 3446 moderatissime
995 3400 1220 3460 responsurum
1252 3401 1334 3446 esse.

103 3485 136 3544 Et
155 3488 265 3558 saciet,
293 3489 360 3548 nisi
388 3506 439 3570 me
468 3489 579 3550 fallunt
609 3489 724 3550 emnia.
780 3487 861 3576 Quid
886 3496 934 3546 est
959 3489 1041 3546 enini
1066 3486 1217 3548 iniustius
1242 3504 1334 3562 quam

105 3591 181 3662 qued
202 3609 283 3652 nnnc
308 3593 403 3668 vulgo
427 3594 480 3663 fit,
504 3593 748 3657 dissentientem
779 3590 940 3668 iugulare,
967 3605 1064 3664 uuam
1088 3590 1205 3649 docere
1228 3593 1333 3652 malle.

105 3689 319 3769 sigemundum
344 3703 375 3754 ct
397 3696 587 3756 Richardum
617 3701 801 3756 reverenter
831 3694 994 3754 salutabis.
1044 3693 1226 3770 Displicent
1254 3694 1334 3754 milri

105 3811 178 3868 (luae
206 3799 301 3860 audio
333 3799 480 3860 meditari
512 3801 669 3860 Verellum
700 3794 797 3877 Παρὰ
828 3797 872 3882 τῷ
894 3790 990 3880 λη’στῃ
1020 3803 1087 3868 τοῖς
1110 3792 1276 3876 τυράννοις
1296 3797 1335 3856 ad

106 3915 190 3970 auem
215 3917 249 3960 se
273 3903 417 3960 contulit.
459 3903 541 3964 Vale
564 3903 763 3963 lelieissime.

1030 3999 1206 4077 Philippus

187 4225 216 4292 1)
242 4223 315 4278 Nota·
331 4225 452 4278 simleri:
479 4225 692 4278 Amarbeeliinm
710 4231 789 4292 puto.

183 4329 214 4392 2)
243 4329 313 4383 Nola
328 4327 452 4381 Simlerii
477 4327 595 4396 Scripsit
613 4327 743 4380 Erasmus
768 4328 803 4379 de
828 4328 913 4381 libero
941 4327 1054 4377 arbitrio
1078 4325 1139 4379 adv.
1158 4323 1238 4376 Lirili.
1261 4327 1334 4383 1524.

107 4415 243 4479 respoudit
260 4416 395 4467 Lutherus
417 4417 491 4470 1525.
1163 4441 1167 4446 ·
