3116 5212
803 337 984 394 nitebunt.

696 545 893 631 (Inscriptio
916 545 1034 625 deest.)

328 719 540 784 illustrissime
562 726 593 780 et
616 717 865 780 Clementissimc
887 719 1042 795 Princeps,
1065 717 1271 781 certissimum
1296 729 1353 798 est,
1387 727 1479 783 toturn

243 827 388 888 Ordinem
412 822 575 885 l’oliticurn
613 822 644 881 in
667 838 785 899 genere
807 820 942 883 humano
978 830 1011 882 et
1046 821 1118 884 eius
1142 824 1410 887 conseruationem
1448 844 1482 887 ec

243 929 408 992 solutorem
432 927 689 1004 gubernationem
703 925 865 986 verissime
881 925 942 987 Dei
958 926 1113 988 creatoris
1137 926 1361 1002 omnipotentis
1384 947 1481 1004 opero

243 1050 325 1095 esse.
370 1033 437 1094 Nisi
459 1031 609 1094 Dominus
632 1028 816 1091 custodierit
839 1027 1012 1106 Civitatem,
1048 1030 1161 1094 irustrc
1184 1030 1307 1109 vigilet,
1341 1031 1397 1110 qui
1431 1051 1481 1094 cu-

242 1138 340 1202 stodit
363 1153 441 1198 eom.
486 1135 570 1195 llenc
605 1135 662 1194 Dei
700 1132 910 1208 praesentium
944 1141 974 1194 et
997 1133 1169 1196 bonitatem
1192 1150 1366 1212 agnoscere
1388 1137 1481 1198 debe-

198 1295 199 1298 ,
243 1261 324 1314 mus,
349 1247 381 1304 et
405 1240 440 1301 iti
462 1238 604 1301 assiduos
629 1236 746 1316 grotios
769 1253 874 1316 ogere,
897 1243 929 1299 et
951 1237 1114 1316 supplices
1136 1245 1257 1313 petere,
1287 1244 1323 1300 ut
1356 1238 1429 1316 ipse
1454 1245 1483 1300 et

243 1349 397 1424 gubernet
431 1349 464 1406 el
486 1346 633 1418 protegat
672 1340 806 1412 Potitios,
831 1349 862 1402 et
885 1348 975 1419 regnt
1007 1345 1128 1403 mentes
1151 1340 1335 1420 Principum,
1371 1350 1403 1404 et
1427 1359 1481 1404 eos

243 1449 410 1527 custodiat,
433 1463 470 1508 ac
491 1451 594 1508 arceat
616 1449 654 1507 eb
678 1443 930 1506 eis‘insidicntcs
953 1443 1109 1524 diabolos,
1132 1445 1183 1521 qui
1205 1443 1278 1509 odio
1302 1446 1361 1508 Dei
1381 1465 1481 1525 genus

242 1557 408 1615 humanum
432 1547 628 1611 horribiliter
649 1549 785 1625 turbent,
819 1552 852 1607 et
874 1547 984 1608 delere
1007 1546 1177 1610 Ecclesium
1200 1554 1360 1610 conentur.
1406 1552 1479 1612 Cum

242 1657 341 1734 igitur
363 1653 447 1713 Deus
470 1653 503 1712 C.
526 1651 562 1709 V.
586 1649 624 1711 od
647 1651 903 1728 gubernationem
926 1649 1095 1732 vocaverit,
1117 1668 1174 1712 oro
1197 1667 1269 1712 oum
1291 1651 1430 1726 supplex
1453 1658 1482 1712 et

242 1763 309 1821 toto
333 1763 476 1836 pectore,
496 1762 531 1816 nt
555 1756 586 1815 C.
609 1759 648 1814 v.
672 1760 703 1815 et
725 1761 814 1831 reget
835 1761 868 1814 et
891 1757 1036 1830 proteget
1057 1752 1138 1831 ipse,
1162 1761 1194 1816 et
1215 1753 1318 1826 leciot,
1340 1760 1376 1816 ut
1399 1758 1433 1816 c.
1445 1756 1480 1815 V.

243 1861 285 1924 sit
308 1875 455 1938 organum
479 1859 616 1921 solutore
638 1861 765 1918 vestroe
786 1855 911 1918 onimoe
940 1864 972 1917 et
994 1856 1136 1918 subditis.
1180 1858 1339 1919 Debemus
1371 1874 1480 1920 ornnes

243 1963 386 2026 omnibus
416 1961 560 2024 honestis
589 1958 783 2036 Principibus
821 1959 1025 2022 reverentiam
1067 1963 1098 2019 ot
1128 1960 1223 2021 multe
1254 1959 1369 2022 officio.
1414 1960 1482 2045 Epo

129 2059 135 2068 '
241 2069 351 2130 autem
373 2068 558 2147 praecipue·
573 2061 817 2147 gratitudinem
848 2059 943 2126 debeo
972 2055 1129 2145 familiae
1150 2061 1320 2126 Asconioe
1345 2069 1483 2148 propter

242 2170 347 2234 mullo
371 2163 529 2249 beneficia
553 2165 590 2230 in
610 2185 663 2230 me
684 2163 821 2230 collata.
866 2168 969 2239 Quare
993 2174 1025 2227 et
1048 2184 1103 2228 oro
1129 2167 1239 2244 Deum,
1269 2175 1303 2229 ut
1326 2174 1486 2230 serperet

241 2276 396 2352 gubernet
431 2278 461 2331 et
485 2268 659 2353 Principes
680 2265 891 2332 Antemnae
911 2266 1002 2351 ipsos
1022 2287 1151 2346 omnes,
1181 2272 1214 2330 et
1243 2271 1391 2351 ipsorum
1414 2269 1484 2331 Pa-

240 2381 358 2440 triam.
401 2375 439 2436 Et
462 2389 558 2448 saepe
582 2374 622 2434 tle
646 2378 805 2436 vetustate
834 2380 865 2434 et
894 2375 988 2437 rebus
1010 2374 1108 2451 gestis
1132 2371 1285 2433 liciorum
1308 2379 1483 2437 vestrorum
1548 2427 1549 2432 ,

243 2481 364 2559 cogito,
394 2475 448 2555 qui
485 2477 625 2552 prolecto
662 2493 789 2554 magnos
814 2491 864 2562 res
899 2480 930 2536 et
951 2473 1047 2536 utiles
1083 2476 1270 2538 Germanice
1306 2485 1485 2554 gesserunt.

242 2586 356 2646 Eorum
379 2585 415 2643 ul
436 2579 569 2642 virtutes
592 2579 759 2642 imitemini
783 2586 869 2655 opto,
893 2585 925 2639 et
948 2581 978 2640 G.
1005 2579 1038 2639 V.
1064 2598 1136 2656 oro,
1157 2587 1191 2640 ut
1215 2596 1266 2640 res
1289 2587 1399 2658 gestos
1423 2582 1482 2643 Ma·

239 2689 339 2750 iorum
362 2685 531 2762 diligenter
552 2683 634 2762 leget
657 2690 690 2745 et
712 2683 901 2748 consideret
942 2684 1026 2744 Bene
1050 2691 1082 2744 et
1103 2683 1233 2744 feliciter
1255 2685 1363 2746 voleat
1385 2687 1419 2746 G.
1443 2687 1482 2746 V.

241 2791 344 2853 Dulce
368 2789 397 2850 tl.
425 2789 455 2849 3.
478 2783 551 2848 Dc'c.

327 2901 330 2908 ⁴
369 2925 450 2986 Cels.
476 2925 510 2986 V.

925 3030 1041 3090 Servus

744 3135 747 3142 '
769 3131 954 3233 ¹Philippus
979 3131 1209 3194 Meloncbtlron.

221 3755 526 3867 ·⁵⁷1⁶·i³·⁰,·‘}²„⁴„⁸¹’·
572 3753 877 3841 (correptet.)
935 3797 953 3813 ..
1244 3753 1481 3879 Qffll
1546 3727 1547 3795 ἵ

448 3999 603 4092 Georyio
623 3997 805 4069 'Urucooio
832 3997 983 4086 iuniori,
1009 3995 1166 4068 Ductori
1193 4000 1304 4070 loric.
1545 4083 1546 4086 Ἴ

1226 4135 1228 4143 Α
1545 4103 1546 4136 l

310 4180 384 4232 Hono
403 4181 557 4249 epistolam,
577 4195 658 4245 quom
678 4179 748 4259 Olor.
760 4182 958 4252 §cicomacum
978 4197 1013 4232 ex
1032 4182 1203 4251 autographo
1223 4181 1365 4235 Tabularii
1384 4181 1480 4250 publici

346 4268 469 4332 primarii
489 4267 667 4330 Dresdensie„
679 4268 766 4337 lopulo
786 4269 865 4336 8573.
886 4269 979 4334 totu,
998 4251 1193 4335 benigoe'mihi
1213 4269 1374 4335 descripsit,
1386 4269 1421 4319 nd
1439 4283 1480 4318 co·

344 4370 411 4416 :num
433 4357 511 4412 1557.
532 4371 593 4409 esse
612 4355 793 4420 referendam,
813 4373 847 4408 ex
863 4372 896 4420 ¹eo
913 4357 1015 4420 elucet,
1033 4356 1103 4420 qnod
1126 4355 1153 4406 in
1173 4372 1205 4406 ee
1224 4357 1327 4408 mentio
1346 4355 1377 4406 bc
1394 4353 1480 4421 nupti·

347 4453 424 4492 arum
456 4441 542 4494 Caroli
562 4443 643 4494 Ducis
674 4419 1142 4508 t.16.'Mci·11557.(cumAnni,
1172 4441 1294 4494 Bornimi
1313 4442 1373 4506 XL,
1403 4441 1478 4492 Ducis
1544 4437 1545 4530 l

349 4528 535 4592 Pomeranioe,
554 4527 621 4595 iilic)
644 4528 848 4592 celebratorum,
871 4529 941 4582 conl.
955 4529 1123 4581 Beelrmaoni
1141 4527 1188 4584 lib.
1207 4544 1291 4596 cupre
1310 4529 1345 4579 cd
1363 4543 1408 4579 no.
1422 4527 1476 4578 575.
1544 4545 1545 4548 ¹

349 4613 479 4666 recensit.
500 4614 518 4667 l.
531 4614 549 4666 l.
566 4631 593 4682 p.
608 4617 666 4669 177.
1544 4609 1545 4614 “
