3072 5208
187 288 257 360 282
584 301 829 358 smrcsncurs
848 305 932 359 sum
955 307 1030 360 rste.

189 481 256 523 mus
287 468 393 522 sutem
423 468 454 522 te
484 473 628 535 quoque,
666 475 723 535 per
753 442 893 524 Gratiam
928 461 988 524 tibi
1017 479 1200 526 concessum
1229 483 1248 526 a
1279 466 1428 534 Domino,

190 564 261 644 pori
284 563 463 626 constantia
495 570 526 623 et
550 565 664 624 robore
688 561 826 638 Spiritus
850 563 1025 628 Doctrinae
1053 568 1282 644 puritatcmct
1306 569 1429 645 simpli-

190 670 317 730 citatem
341 667 493 730 adversus
519 682 628 728 omnes
653 673 856 742 corruptores
879 674 1082 730 asserturum.
1118 671 1207 742 Quod
1227 673 1256 732 si
1271 671 1311 732 ad
1327 686 1395 732 rem
1406 667 1429 753 ¹)

188 773 328 832 feliciter
350 769 578 847 perficiendum
603 770 679 843 quid
702 769 831 830 consilii
856 777 889 828 et
911 770 1028 832 auxilii
1054 779 1222 848 praestare
1246 789 1430 846 possumus,

190 890 314 936 omnem
337 881 475 934 nostram
499 889 628 949 operam
654 879 686 933 et
707 889 766 932 cos
790 878 874 934 totos
897 871 957 934 tibi
972 881 1014 934 ‚et
1034 873 1099 951 piis
1124 876 1286 952 offerimus
1309 894 1348 938 ac
1365 879 1431 954 pot·

190 980 331 1040 licemur.
384 977 450 1037 Non
481 977 631 1038 abhorret
660 993 678 1036 a
709 977 818 1045 nobis,
850 977 980 1052 opinor,
1011 985 1045 1038 ut
1073 979 1206 1055 impuris
1238 986 1294 1040 tua
1323 980 1432 1042 Pietas

190 1079 347 1156 Philippe.
406 1079 639 1154 Respondimus
676 1079 804 1153 uiridem
835 1077 1038 1142 Confessioni
1069 1080 1160 1144 brevi
1190 1083 1227 1144 D.
1258 1083 1433 1160 Lulheri

191 1189 299 1249 centro
330 1201 387 1264 nos
420 1180 543 1250 editoe,
575 1197 679 1256 nequa
710 1180 795 1244 enim
817 1179 1022 1246 dissimulare
1051 1180 1237 1262 potuimus,
1264 1185 1353 1260 quod
1378 1187 1433 1245 ille

190 1287 299 1354 nohis,
322 1284 469 1362 inprimis
493 1289 598 1346 alitem
621 1282 888 1360 Praeceptoribus
912 1304 941 1361 p.
967 1283 1044 1370 inst)
1075 1294 1108 1348 et
1127 1286 1290 1349 Ecclesiis'
1298 1288 1433 1350 -uostris

192 1389 335 1466 impegit.
389 1387 489 1448 Simul
520 1395 626 1450 autem
656 1388 899 1450 Confessionem
931 1388 1022 1452 Fidei
1053 1398 1084 1450 et
1107 1392 1279 1454 Doctrinae
1301 1400 1433 1453 nostrae

191 1494 410 1570 vulgavimus,
447 1509 539 1567 quum
563 1509 659 1566 quum
683 1507 859 1568 congruere
883 1509 955 1555 cum
979 1493 1118 1556 omnium
1142 1492 1331 1556 Sanctorum
1356 1496 1434 1556 Con-

191 1594 388 1656 tessionibus
412 1596 566 1664 sciamus,
598 1610 762 1670 speramus
793 1595 883 1656 illem
911 1601 987 1656 tuae
1011 1594 1129 1659 Pietati
1158 1615 1222 1658 non
1244 1596 1434 1674 displicere.

191 1700 240 1761 De
270 1699 402 1758 Coena
430 1695 577 1766 Domini,
612 1697 674 1758 nisi
705 1703 815 1758 contra
844 1697 940 1758 fidem
970 1703 1002 1758 et
1031 1699 1261 1762 conscientium
1293 1706 1435 1760 nostrum

192 1801 283 1878 loqui
304 1799 537 1871 voluissemus,
568 1798 663 1861 aliter
691 1802 781 1876 loqui
804 1819 874 1863 nou¹
890 1799 1072 1876 potuimus,
1104 1802 1296 1879 praesertim
1319 1820 1434 1880 urgen-

192 1907 275 1966 tibus
313 1921 371 1964 nos
401 1903 491 1964 Fidei
521 1903 730 1980 Apostolicae
759 1903 912 1968 Articulis
945 1913 976 1966 et
1007 1906 1138 1982 negotio
1174 1905 1434 1968 iustificationis:
1525 1977 1526 1988 ἶ

193 2009 268 2068 Nam
300 2006 434 2066 Articuli
463 2005 554 2066 Fidei
583 2006 660 2081 quid
690 2007 730 2068 dc
760 2008 905 2084 Corpore
940 2007 1059 2070 Christi
1090 2006 1223 2086 etiam⁸)
1258 2008 1434 2070 clarificato

194 2108 368 2170 sentiamus
392 2109 536 2171 edocent.
593 2110 833 2172 iustificationis
859 2125 935 2172 vero
959 2112 1118 2174 Doctrina
1142 2128 1221 2186 pura
1244 2119 1278 2172 cl
1301 2127 1436 2188 syncera

195 2214 305 2282 docet,
334 2231 410 2272 non
441 2211 739 2284 Sacraruenris,·
762 2231 824 2274 uon
855 2214 933 2279 ullis
964 2218 1057 2276 rebus
1092 2215 1251 2285 externis,
1282 2216 1343 2276 sed
1368 2217 1436 2276 sola

193 2316 255 2376 Dei
285 2315 506 2376 Misericordia
538 2333 596 2393 per
626 2317 803 2386 Christum,
840 2337 897 2382 cos
927 2328 1078 2399 acceptos
1099 2313 1191 2394 fieri
1209 2315 1331 2390 Patre,
1365 2323 1434 2380 cicc

193 2424 302 2498 recipi
321 2439 378 2478 nos
389 2417 414 2504 ⁴)
445 2424 479 2479 in
504 2413 657 2480 Gratiam
677 2415 763 2492 Dei,
793 2431 826 2480 ct
848 2416 1008 2482 exbiberi
1028 2417 1121 2482 uobis
1142 2417 1244 2482 Dona
1274 2422 1433 2483 coelestia

193 2525 300 2592 citae,
330 2520 433 2598 recipi
457 2529 559 2582 cutem
585 2538 642 2596 per
668 2541 724 2583 uos
748 2522 824 2584 Fide
856 2521 1040 2606 syncera:³)
1078 2521 1123 2582 Ita
1145 2529 1179 2586 ut
1202 2527 1240 2584 ab
1264 2525 1338 2600 ipso
1361 2525 1432 2586 solo

193 2625 262 2684 Deo
287 2625 424 2699 gratuito
450 2627 651 2686 conferantur
675 2631 707 2684 ct
730 2626 941 2688 exhibeantur
953 2626 1044 2687 Dona
1066 2627 1169 2696 uitae,
1194 2625 1433 2703 recipientura

194 2726 287 2788 nobis
311 2728 386 2788 Pide
411 2729 577 2802 duntaxat3
610 2728 848 2791 Auruncientur
878 2736 985 2793 autem
1008 2731 1124 2798 verbo,
1161 2737 1193 2790 et
1213 2726 1433 2808 ,cessgnenrur

195 2830 417 2890 Sacrameutis.
453 2831 544 2892 Nosti
569 2834 757 2907 Apostolum
780 2831 910 2892 Paulum
933 2829 981 2894 sic
1004 2831 1122 2892 docere
1146 2828 1269 2910 Rom.⁸)
1286 2831 1355 2902 Ν,
1379 2832 1433 2894 ubi

197 2934 336 2994 ostendit
349 2937 558 2995 Abrahamum
583 2932 683 3011 primo
699 2935 862 3012 quidem')
886 2933 1094 3004 iustificatum
1111 2933 1208 3005 Pide,¹
1223 2936 1297 2996 dein
1308 2935 1331 3012 8)
1357 2952 1432 2996 vero

195 3035 402 3098 iustificatum
432 3038 510 3108 iam,
542 3039 730 3115 percepisse
759 3037 979 3106 Sacramenta,
1010 3055 1070 3098 noc
1103 3035 1160 3098 ille
1190 3037 1322 3112 quidem
1357 3056 1433 3098 vana

196 3146 227 3198 et
251 3139 396 3210 inutilia,
421 3139 498 3202 licet
521 3141 712 3202 iustificatos
739 3147 839 3202 esset:
869 3137 1018 3222 Accepit
1041 3145 1127 3200 culm
1149 3137 1434 3204 circumcisionem

195 3244 428 3307 Sacramentum
458 3243 681 3324 Sigucculcm
718 3259 776 3304 seu
813 3242 1087 3321 obsignationem,
1129 3241 1300 3308 Iustitiae
1324 3241 1432 3314 Fidei,

195 3367 282 3429 quac
307 3344 432 3423 fuerat
460 3355 495 3412 in
521 3354 712 3430 praeputio.
765 3347 857 3408 Nosti
885 3354 991 3409 cutem
1021 3364 1130 3424 parem
1154 3364 1227 3408 osse
1251 3347 1430 3410 Sacramen-

195 3458 297 3512 torum
320 3453 493 3522 rationem,
516 3450 653 3517 maxime
675 3468 745 3511 cum
759 3452 935 3526 Apostolus
952 3451 1037 3512 idem
1056 3448 1301 3518 diuulsProbet
1323 3459 1433 3512 cutem

195 3575 230 3614 se
252 3553 362 3638 ipsc⁹)
383 3551 492 3626 homo,
516 3565 548 3614 et
569 3561 617 3616 sic
639 3552 681 3614 de
701 3572 791 3635 panc
813 3552 895 3614 odat
919 3565 950 3614 ct
965 3553 1007 3613 dc
1019 3555 1141 3637 poerdc
1156 3551 1259 3616 bibat.
1296 3553 1431 3628 Necesse

197 3705 401 3719 mm

288 3814 315 3879 1)
343 3811 464 3879 adrem]
485 3806 556 3864 Bibl.
577 3811 683 3861 Brcm.:
705 3795 741 3861 arl‘
761 3825 821 3860 cam
840 3824 897 3859 rem

283 3901 313 3966 2)
335 3899 564 3965 Praeceptoribus'
580 3913 610 3965 p.
630 3897 681 3963 m]
702 3897 776 3947 ‘Bibl.
797 3898 904 3950 Diem:
930 3897 1158 3963 praeceptoribus
1180 3897 1280 3950 nostris
1300 3898 1361 3962 pice
1380 3909 1428 3945 sne

196 3989 309 4051 moriae,

281 4074 312 4139 3)
338 4072 439 4124 Christi
460 4071 555 4139 ctiam]
575 4071 645 4122 Bibl.
665 4070 769 4122 Brem.:
791 4069 874 4120 etiem
895 4067 1003 4134 Christi}

282 4159 313 4224 4)
337 4159 399 4226 nos]
419 4160 445 4208 iu
465 4159 536 4216 Bibl.
555 4158 646 4211 Brem.
666 4158 754 4218 deest.
841 4203 844 4210 r
931 4213 932 4221 ἵ
1007 4206 1010 4218 ,
1055 4215 1057 4220 ,

283 4246 312 4310 5)
339 4246 405 4297 Fide
426 4244 553 4311 synceia]
574 4244 643 4294 Bibl.
664 4245 768 4294 Brem.:
789 4259 903 4308 syncera
922 4243 974 4293 hdo

285 4333 314 4399 6)
339 4330 430 4397 Rom]
451 4330 520 4390 Bibl.
540 4332 645 4389 brema
667 4330 701 4381 ad
719 4329 796 4381 Rom.

283 4418 313 4485 7)
337 4420 424 4486 primo
445 4417 568 4483 quidem]
586 4417 657 4472 Bibl.
679 4418 782 4468 Brenn:
803 4416 912 4480 quidem
931 4417 1019 4484 primo

284 4509 313 4574 8)
337 4505 413 4571 dein]
432 4505 502 4556 Bibl.
521 4504 626 4554 Brcm.:
648 4505 746 4555 deindo

281 4594 311 4660 9)
336 4593 434 4644 Probet
455 4597 544 4642 autem
563 4607 592 4642 se
614 4590 686 4658 ipse]
709 4592 776 4642 ssibt
793 4593 898 4655 Brem.;:
921 4591 1023 4644 Probet
1043 4590 1164 4655 seipsum
