3084 5208
181 339 246 412 tau
576 360 821 414 smutturam
848 363 930 415 anm
952 360 1025 418 rsrr.

182 519 360 594 penderint,
380 518 518 590 videant,
535 534 575 579 ne
592 519 668 595 quid
683 517 870 579 detrimenti
884 520 1101 598 Evangelium,
1125 523 1270 586 doctrina
1284 529 1429 604 Aposto-

181 629 298 692 lorum,
321 629 354 682 et
377 619 558 698 respublica
589 619 708 681 Girristi
738 619 853 698 capiat.
907 622 1005 693 Quam
1036 641 1130 686 unam
1155 630 1281 688 obrem
1312 627 1429 690 decla-

181 727 307 788 randam
336 724 483 786 invocato
512 723 634 798 Spiritu
650 723 778 785 vSancto
809 724 913 785 libere
943 728 1172 804 pronuntient,
1204 720 1429 808 statuuntque,

180 830 264 906 quod
287 827 410 906 gloriae
434 825 553 888 Christi
583 827 625 887 sit
648 829 764 888 bonum
787 827 932 903 felixque
960 829 1080 907 Populo
1105 832 1297 895 Christiano.
1356 833 1429 895 iioc

179 932 349 993 consilium
372 927 626 1007 cogitatumque,
651 932 861 1005 qualequale
887 937 945 1000 est,
971 929 1142 1004 iusserant,
1165 935 1290 1006 iratres,
1321 945 1356 996 nt
1386 937 1428 998 ad

178 1055 235 1096 vos
257 1031 440 1096 scriberem.
471 1031 506 1093 Si
525 1031 681 1110 placebit,
706 1031 776 1092 eius
797 1051 854 1094 vos
873 1049 1009 1096 necesse
1030 1045 1080 1098 est
1100 1039 1319 1100 moderatores
1344 1057 1427 1100 esse

178 1146 273 1216 atquc
296 1139 403 1199 duces.
438 1136 524 1196 ilaec
545 1133 632 1195 enim
654 1134 833 1196 miserrima
857 1143 888 1196 et
912 1137 1100 1214 gravissima
1123 1142 1249 1203 fortuna
1265 1143 1426 1204 italorum

179 1249 244 1313 est,
275 1241 359 1318 quod
382 1255 505 1315 neque,
534 1236 691 1313 aquibus
722 1237 893 1315 implorent
923 1240 1096 1313 auxilium,
1136 1245 1269 1316 habent,
1302 1262 1429 1322 neque,

178 1345 207 1406 si
230 1345 383 1413 habeant,
417 1341 502 1402 licet.
555 1338 725 1410 Helvetii,
745 1342 800 1416 qui
830 1341 1013 1404 abalienato
1044 1353 1117 1409 sunt
1148 1345 1253 1408 animo
1276 1365 1294 1408 a
1318 1347 1429 1424 Baby-

177 1450 263 1509 lonia
286 1450 441 1516 Romana,
468 1461 526 1522 per
557 1446 682 1521 legatos
707 1461 725 1504 a
747 1445 837 1522 Rege
860 1445 1003 1518 Galliac,
1033 1450 1118 1526 apud
1146 1467 1239 1526 quem
1271 1451 1428 1512 audimus

179 1569 236 1612 eos
257 1564 336 1612 csse
355 1547 534 1626 gratiosos,
564 1552 676 1623 petere
699 1551 795 1622 atque
819 1545 991 1624 impetrare
1022 1559 1173 1628 possunt,
1204 1559 1298 1627 atque
1328 1556 1427 1616 obte-

177 1653 273 1724 stari,
297 1650 361 1712 nisi
385 1652 416 1710 in
441 1649 600 1728 petitione
616 1647 684 1709 Rex
701 1647 790 1724 ipsis
805 1651 929 1720 faveat,
952 1669 1110 1729 nunqrrem
1129 1655 1266 1730 posthac
1285 1671 1322 1716 se
1344 1656 1426 1716 eius

176 1764 284 1835 partes
305 1761 515 1831 sequuturos,
548 1751 717 1813 relicturos
742 1767 795 1823 se,
825 1753 854 1813 si
877 1753 1039 1825 destituti,
1071 1756 1100 1816 si
1126 1773 1200 1818 vero
1224 1757 1327 1819 adiuti
1351 1761 1426 1819 fue-

177 1861 238 1921 rint
251 1859 290 1942 ¹),
315 1874 355 1918 ea
377 1857 418 1918 dc
444 1871 479 1915 re
503 1854 665 1930 publicum
689 1863 923 1916 monumentum
941 1857 1052 1920 liberis
1069 1861 1274 1936 posterisque
1297 1877 1425 1923 eorum.

177 1963 324 2026 Germani
349 1960 396 2035 pii
419 1977 437 2020 a
461 1961 598 2020 Caesare
622 1960 708 2019 nullo
733 1951 867 2036 negotio
890 1961 1120 2038 impetrabunt,
1153 1965 1182 2023 si
1208 1964 1361 2040 precibus
1390 1975 1426 2026 et

177 2067 391 2128 obtestatione
415 2063 637 2123 contendatur:
670 2069 720 2140 ut,
750 2079 843 2137 quem
874 2065 1101 2141 imperatorem
1132 2073 1177 2127 tot
1208 2085 1307 2128 annos
1340 2070 1425 2129 iide-

178 2170 301 2230 lissime
326 2165 454 2243 sequuti
479 2167 559 2234 sint,
595 2166 667 2226 eius
697 2181 760 2243 ope
783 2165 882 2228 liceat
905 2167 1024 2228 Christi
1054 2185 1181 2230 causam
1212 2170 1331 2230 misere
1362 2189 1424 2249 op·

177 2289 318 2352 pressam
341 2271 518 2332 sublevere.
554 2269 738 2331 Britanniae
762 2269 898 2347 Regem,
923 2271 978 2345 qui
1000 2271 1109 2332 alieno
1131 2273 1237 2334 animo
1262 2274 1292 2334 in
1307 2273 1423 2336 Ronti-

175 2380 252 2439 lices
276 2378 432 2436 Romanos
465 2389 538 2434 esse
569 2371 700 2443 dicitur,
731 2373 907 2436 sollicitare
938 2375 1054 2437 litteris
1087 2385 1220 2453 possunt
1243 2393 1313 2438 cum
1339 2379 1422 2439 Hel-

177 2467 273 2551 vetii,
303 2485 366 2540 tum
392 2475 557 2546 Gennaci,
584 2483 619 2536 ut
649 2473 682 2536 in
712 2477 792 2537 hanc
815 2478 1008 2538 sententiam
1031 2477 1156 2550 venriet,
1192 2487 1224 2540 ut
1248 2497 1422 2542 commune

175 2581 344 2644 consilium
375 2595 435 2640 non
468 2586 604 2655 spernet.
665 2577 751 2639 liaeo
781 2577 887 2638 omnia
914 2585 977 2639 tam
1006 2583 1120 2652 bona,
1139 2589 1202 2642 tam
1234 2589 1421 2659 expectata,

174 2689 298 2756 iratres,
321 2693 450 2758 totaque
473 2679 576 2751 utilia,
600 2680 664 2741 imo
689 2698 765 2741 vero
790 2683 973 2743 necessaria
989 2683 1198 2761 Reipublicae
1209 2685 1420 2747 Christianae

176 2804 233 2848 vos
253 2792 428 2848 essecutus·
445 2784 557 2852 video,
587 2784 615 2843 si
640 2800 718 2858 quas
741 2781 931 2844 inimicitias
961 2786 1104 2857 hebetis,
1139 2788 1320 2848 Christiana
1343 2787 1421 2864 pie-

174 2899 239 2951 tate
257 2889 441 2966 deponatis.
493 2887 640 2946 Adicitur
671 2886 756 2947 enim
786 2887 827 2947 ad
855 2905 930 2956 nos,
961 2904 1019 2949 nec
1049 2891 1202 2960 oltseuro,
1233 2902 1291 2950 rrcc
1322 2892 1420 2952 vario

175 3008 322 3055 sermone
345 3007 474 3068 magnas
499 2990 722 3049 contentiones
744 2989 1031 3067 dissensionesque
1047 3007 1122 3052 esse
1140 2993 1223 3053 inter
1239 3010 1311 3052 vost
1345 2995 1419 3068 qui-

174 3097 474 3171 busdiscrepantes
499 3109 560 3152 noo
584 3090 616 3150 iu
640 3109 733 3152 rrrram
757 3093 965 3165 sententiam,
985 3095 1051 3154 sed
1085 3111 1126 3156 rte
1149 3096 1182 3155 in
1207 3097 1342 3156 eundem
1368 3097 1417 3156 lo-

174 3219 243 3263 cum
273 3196 408 3276 possitis
438 3195 617 3255 convenire.
678 3195 754 3256 Hem
784 3193 915 3256 iratres!
952 3198 1026 3257 date
1056 3199 1117 3258 hoc
1145 3199 1271 3259 Christo
1300 3206 1417 3259 nostro

174 3306 284 3364 saltem
315 3319 372 3379 pro
401 3306 563 3374 tempore,
596 3305 626 3358 ut
657 3315 718 3357 aaa
751 3306 969 3369 concurratur,
1002 3315 1042 3360 ne
1073 3299 1228 3378 impetum
1251 3302 1418 3362 sustinere

173 3407 298 3484 possint
321 3393 506 3466 adversarii.
558 3399 591 3458 Si
615 3407 658 3459 tot
685 3407 855 3476 tantosque
884 3404 1002 3462 abusus
1026 3403 1186 3464 Romanae
1214 3403 1417 3478 Babyloniae

172 3525 234 3569 una
257 3505 435 3578 reiecistis3
467 3502 496 3563 si
525 3517 582 3579 pru
605 3504 803 3581 apostolicis
836 3503 991 3565 institutis
1021 3506 1208 3575 servandis,
1237 3506 1415 3566 defenden-

172 3613 278 3686 doque
293 3606 468 3685 Evangelio
491 3621 554 3666 una
578 3620 665 3664 mens
687 3612 753 3674 est,
779 3607 929 3682 idemque
952 3607 1163 3669 animi'vestri
1185 3621 1309 3677 sensus,
1334 3609 1415 3684 quid

173 3733 284 3784 unrrm,
314 3718 367 3772 aut
397 3711 438 3770 ad
465 3723 618 3769 summum
649 3710 784 3769 alterum
808 3716 902 3786 caput
928 3717 1175 3787 vortantopere
1201 3710 1350 3770 distrahit
1374 3729 1414 3771 ac

172 3812 352 3893 disiungiti
397 3810 582 3873 Adversarii
606 3809 862 3880 instructissimi,
898 3821 1046 3888 potentes
1069 3819 1170 3888 atque
1187 3813 1354 3874 rrnanimes
1378 3817 1410 3874 in

173 3937 229 3980 vos
251 3921 400 3978 ieruntur.
452 3914 605 3991 Colligite
636 3931 692 3973 vos
723 3931 780 3990 per
809 3916 912 3974 iesum
943 3917 1118 3985 Christum,
1150 3929 1206 3986 ue,
1237 3915 1267 3975 si
1289 3915 1412 3975 illivi-

171 4020 289 4090 cerint,
319 4035 388 4079 cum
417 4022 530 4094 postea
555 4017 739 4086 volueritis,
771 4035 833 4077 non
864 4016 1055 4079 sit·Clrristi
1085 4019 1281 4094 respublica,
1316 4034 1410 4093 quam

171 4121 283 4182 iuvare
306 4139 343 4181 ac
366 4119 449 4180 tueri
474 4118 618 4194 possitis.
663 4115 871 4179 Delendenda
894 4120 1087 4180 summulis
1111 4115 1183 4190 is'ta,
1209 4135 1408 4198 quac-supe-

172 4226 310 4286 rioribus
333 4224 424 4284 annis
447 4223 558 4299 pulcre
582 4219 758 4282 illustratis.
806 4221 1003 4293 Reiiciendi,
1028 4221 1263 4299 superandique
1289 4226 1319 4282 in
1333 4239 1407 4283 eon-

171 4327 248 4388 cilio
271 4329 382 4388 hostes
405 4324 582 4404 Evangelii.
634 4325 751 4399 Siqua
778 4324 1053 4402 interpretationis
1080 4323 1216 4385 varietas
1240 4324 1271 4386 iu
1297 4327 1404 4401 aliquo

170 4463 375 4473 -—-

255 4551 280 4615 l)
309 4552 333 4602 ri
352 4550 492 4614 destituti,
511 4551 536 4600 si
554 4565 618 4601 vero
638 4551 723 4600 adiuti
744 4548 867 4614 lucrina]
887 4564 937 4616 pro
949 4515 1003 4611 ito,
1025 4547 1180 4602 Heumauuo
1195 4548 1294 4611 iudice,
1312 4549 1391 4614 legen

168 4641 231 4689 rium
252 4644 307 4689 est:
327 4638 384 4688 sive
404 4636 544 4698 destituti,
563 4636 621 4688 cire
644 4636 729 4688 adiuti
749 4634 862 4698 luerint,
