3120 5206
215 353 262 426 22
610 369 856 422 surrecturum
877 367 959 420 num
984 369 1059 422 issa.

218 531 281 590 cite
303 527 498 604 Scripturas,
523 528 637 602 quibus
654 527 783 587 nitimur
805 526 953 586 mundum
974 525 1172 601 deprimere,
1196 525 1465 587 manifestissime

217 633 339 694 dicant:
363 631 430 692 Nou
455 633 487 690 in
512 631 582 691 solo
609 645 689 706 pane
716 629 795 690 vivit
818 631 929 698 homo,
961 627 1018 688 sed
1050 629 1080 689 in
1112 631 1196 689 omui
1229 632 1346 700 verbo,
1378 631 1466 705 quod

217 733 362 811 procedit
386 734 425 793 dc
450 749 505 794 ore
528 733 607 802 Dei,
636 732 746 792 videte
777 731 816 792 de
848 746 903 792 ore
932 733 992 792 Dei
1026 739 1141 791 ernon
1173 749 1213 793 ex
1243 733 1333 792 libris
1367 733 1467 808 proii-

218 837 356 898 ciscitur.
413 836 640 896 Testimonium
672 835 821 909 equidem
853 835 942 894 verbi
974 837 1042 894 veri
1080 851 1119 895 ex
1151 836 1368 896 voluminibus
1407 841 1468 903 est,
1550 837 1551 898 ξ

218 939 282 1002 nisi
306 939 389 998 enim
413 939 443 998 iu
470 939 564 1000 corde
590 938 726 1006 oriatur,
762 939 888 998 verbum
920 938 1058 997 lrorninis
1090 943 1138 996 est
1163 939 1313 998 damnans
1337 937 1468 996 scribas
1550 973 1551 976 =

218 1042 431 1118 versipelles,
464 1043 516 1116 qm
542 1042 682 1100 itrreutur
705 1041 834 1102 oracula
858 1046 965 1099 sancta
988 1041 1047 1098 Jer.
1072 1041 1176 1100 lllllll.
1222 1041 1391 1114 Nunquam
1417 1040 1469 1098 eis
1550 1043 1551 1086 i

218 1145 371 1208 Dominus
395 1145 519 1203 locutus
550 1150 614 1210 est,
649 1151 681 1202 et
711 1142 774 1218 ipsi
804 1150 958 1218 usurpem
987 1146 1084 1204 verba
1117 1144 1203 1212 eius,
1235 1162 1253 1202 o
1279 1143 1470 1204 charissimi
1550 1155 1551 1164 ¹

220 1263 347 1325 operam
363 1248 478 1307 navate
499 1253 534 1305 ut
558 1246 776 1322 proposueris,
803 1246 926 1320 alioqui
941 1247 1121 1322 'rneotogio
1137 1253 1244 1307 vestre
1260 1265 1322 1308 non
1338 1245 1469 1307 valebit
1550 1229 1551 1296 j

221 1349 364 1418 obulum,
390 1349 590 1408 considerate
613 1350 715 1409 Deum
738 1356 878 1407 vestrum
904 1365 921 1406 e
944 1347 1053 1408 vicino
1079 1355 1111 1408 et
1135 1367 1197 1408 uon
1221 1367 1240 1409 a
1262 1351 1372 1426 longo,
1400 1364 1468 1408 cre·

221 1452 287 1512 dite
315 1448 467 1510 libentius
495 1451 596 1511 Deum
625 1451 731 1526 loqui,
753 1467 859 1524 ¹quam
891 1467 949 1510 ‘vos
982 1458 1109 1524 paratos
1140 1451 1178 1511 ad
1209 1451 1470 1529 percipiendum,
1550 1451 1551 1536 l

221 1571 329 1617 sumus
350 1555 440 1630 pleni
463 1553 652 1623 desideriis,
677 1555 737 1613 lrcc
760 1553 893 1628 impedit
917 1553 1050 1630 digitum
1074 1554 1232 1623 viventis,
1256 1569 1296 1612 ne
1315 1553 1470 1634 scindere
1550 1537 1551 1604 i

221 1651 326 1736 possit
348 1658 472 1717 tabulas
497 1673 580 1716 suas.
631 1657 840 1716 Suasionibus
866 1657 982 1716 vestris
1013 1657 1139 1717 trahit-is
1170 1657 1213 1717 ad·
1234 1657 1387 1734 coniugia
1413 1633 1470 1716 ho·
1550 1639 1551 1712 l

220 1759 340 1829 mines,
364 1776 433 1818 cum
457 1759 519 1818 iam
542 1777 604 1818 nen
628 1759 670 1817 sit
692 1759 803 1819 thorus
828 1760 1065 1829 immaculatus,
1090 1759 1296 1820 sedSatanae
1319 1761 1470 1836 lupanar,
1550 1819 1551 1824 ,

223 1861 307 1936 quod
341 1868 446 1920 tamen
482 1859 687 1920 vehementer
721 1859 897 1920 Ecclesiam
933 1868 1042 1930 nocet,
1083 1879 1173 1936 quam
1209 1861 1469 1923 rnaledictissimi
1550 1859 1551 1928 t

221 1965 376 2040 unguenti
401 1963 622 2024 sacerdotium.
674 1964 785 2023 Nonne
809 1965 977 2040 passiones
1002 1965 1127 2024 illorum
1151 1964 1390 2025 desideriorum
1413 1964 1468 2024 im·
1550 2027 1551 2036 χ

222 2065 356 2142 pediunt
380 2066 663 2126 sanctificationem
689 2061 851 2126 vestram?
877 2066 1035 2139 quomodo
1050 2065 1189 2142 Spiritus
1213 2073 1320 2142 potest
1345 2067 1468 2128 effrtndi

223 2184 320 2244 super
342 2185 466 2229 carnem
489 2176 645 2238 vestram,
678 2175 708 2228 et
732 2167 863 2242 eloquia
886 2168 961 2228 viva
985 2170 1103 2229 trabere
1128 2187 1197 2229 cum
1219 2171 1289 2230 Deo
1313 2169 1468 2246 potestis,
1550 2151 1551 2170 ¹

224 2285 291 2332 cum
322 2271 517 2346 negaveritis
546 2268 647 2330 talia?
707 2269 829 2330 Nullum
861 2277 1064 2346 praeceptum
1101 2267 1150 2352 (ut
1180 2272 1227 2332 sic
1257 2269 1376 2356 dicam)
1415 2288 1467 2330 an-

224 2372 347 2448 gustius
371 2372 498 2450 stringit
522 2373 750 2442 Christianum,
781 2389 873 2447 quam
903 2373 1113 2434 sanctificatio
1140 2381 1256 2434 nostra.
1308 2373 1386 2434 Nam
1411 2373 1468 2432 illa

225 2477 450 2538 euivoluntate
481 2477 542 2536 Dei
571 2477 706 2536 animam
738 2483 887 2546 evacuat,
917 2477 991 2537 dum
1021 2477 1253 2539 delectationes
1282 2478 1388 2538 anima
1419 2478 1465 2536 in·

223 2579 377 2647 seriores,
402 2593 600 2652 nequaquam
622 2579 654 2638 iu
679 2579 791 2639 falsum
816 2595 1038 2654 possessorem
1056 2593 1186 2639 sumere
1197 2581 1316 2654 possit:
1340 2579 1467 2642 Utimur
1550 2635 1551 2648 ,

223 2681 392 2749 uxoribus,
415 2687 563 2756 tauquam
586 2700 649 2742 nou
672 2683 837 2743 habentes.
870 2683 1020 2742 Debitum
1045 2682 1171 2742 reddite
1194 2698 1258 2743 non
1280 2690 1315 2742 ut
1337 2690 1466 2760 gentes,

225 2781 284 2842 sed
304 2779 388 2844 sicut
410 2783 569 2854 scientes,
594 2787 694 2845 Deum
718 2785 811 2844 nobis
835 2785 940 2860 loqui,
966 2785 1092 2855 iubere,
1115 2802 1262 2855 rncnere,
1284 2793 1318 2845 ut
1333 2785 1469 2845 tirmiter

226 2888 355 2959 scinde,
380 2889 503 2962 quaudo
527 2888 727 2948 tribuendum
752 2889 793 2947 sit
817 2907 874 2964 pro
897 2889 988 2962 prole
1012 2889 1132 2957 electa,
1162 2897 1197 2948 ut
1220 2885 1467 2950 timorDominl

226 2998 257 3050 et
281 2989 419 3067 Spiritus
443 2991 623 3064 sapientiae
646 2990 800 3064 impediat
832 2993 913 3051 bruti
943 2991 1251 3068 concupiscentiam,
1286 3008 1326 3052 ne
1358 2993 1467 3052 absor-

225 3093 372 3154 beamini.
419 3094 530 3154 Phiela
553 3096 641 3154 tertii
663 3095 797 3171 Angeli,
832 3092 946 3176 (timeo
972 3103 1003 3155 et
1027 3094 1124 3178 scio:)
1150 3095 1251 3156 effusa
1274 3097 1335 3155 iarn
1360 3101 1411 3156 est
1436 3095 1466 3153 iu

227 3196 329 3255 tontes
354 3211 519 3270 equarum,
545 3203 576 3256 et
600 3202 667 3257 tota
690 3197 851 3274 scaturigo
877 3199 1041 3274 sanguinis
1069 3198 1181 3262 edecta
1196 3205 1260 3268 est,
1284 3198 1347 3257 imo
1367 3196 1467 3258 lectio

227 3315 335 3360 eorum
366 3301 397 3359 in
425 3316 548 3360 caruem
578 3307 610 3360 et
641 3301 828 3376 sanguinem
860 3317 953 3360 versa
982 3309 1041 3362 est.
1093 3301 1194 3361 Electi
1226 3308 1297 3362 sunt
1327 3301 1467 3374 (puidam,

226 3402 284 3462 sed
307 3403 387 3463 ratio
413 3419 519 3464 corum
544 3404 671 3479 aperire
702 3422 763 3464 non
795 3410 900 3477 potest
922 3405 962 3463 ob
982 3407 1099 3464 ‘causas
1130 3404 1191 3463 iarn
1215 3405 1339 3464 relatas.
1386 3403 1467 3462 Hinc

226 3507 342 3568 liabent
374 3521 473 3582 opera
504 3524 573 3566 cum
604 3506 748 3584 reprobis
772 3507 966 3576 communia,
1003 3513 1139 3582 excepto
1163 3507 1224 3568 Del
1245 3507 1379 3576 timore,
1413 3503 1467 3579 qui

226 3626 284 3670 eos
305 3617 430 3683 separat
454 3611 491 3670 ab
517 3607 612 3670 illis.⁴
637 3609 706 3670 Duo
732 3610 763 3670 in
791 3628 853 3670 uno
882 3612 966 3670 lecto
992 3611 1111 3680 iacent,
1141 3627 1236 3669 arnum
1266 3627 1347 3684 opus
1378 3608 1466 3668 dele-

227 3713 376 3774 ctationis
406 3719 599 3788 perpetrant.
657 3714 745 3774 'l‘alia
775 3713 921 3774 enimin
951 3713 1045 3774 vobis
1083 3727 1179 3787 opera
1210 3715 1354 3789 reperio,
1393 3712 1465 3771 dum

228 3815 450 3876 contentiones
475 3817 558 3876 inter
583 3831 638 3875 vos
663 3817 742 3885 sint,
767 3816 806 3876 de
831 3815 1013 3893 abroganda
1035 3817 1141 3876 missa.
1193 3807 1465 3892 Papisticisacri-

226 3919 294 3980 ficii
316 3919 602 3988 abominationem,
625 3919 710 3994 quod
734 3919 859 3994 quidam
882 3919 1035 3980 detestati
1059 3925 1146 3988 sunt,
1183 3917 1302 3978 extollo
1328 3923 1360 3976 et
1382 3931 1465 3976 com-

224 4021 358 4092 mendo,
389 4037 428 4082 cx
461 4022 581 4097 Spiritu
612 4021 643 4081 S.
674 4021 862 4094 effeceruut3
897 4021 952 4082 sed
985 4023 1016 4082 in
1047 4023 1107 4082 hoc
1139 4020 1300 4081 erroribus
1331 4016 1465 4080 involuti

228 4131 317 4195 sunt,
341 4125 425 4199 quod
451 4123 672 4199 spostolicae
693 4124 787 4184 ritum
808 4125 850 4185 ad
872 4126 1022 4186 amussim
1046 4141 1107 4184 uon
1132 4123 1196 4182 sint
1220 4122 1344 4193 imitati.
1389 4119 1465 4180 Nam

229 4227 284 4304 qui
308 4227 452 4288 iussione
475 4226 634 4288 dominice
657 4242 767 4287 semen
787 4227 978 4302 proiieiuut,
1000 4233 1121 4287 metere
1134 4225 1268 4292 debent,
1291 4223 1464 4288 auditores,

228 4330 467 4408 praedicantes,
497 4330 570 4390 dum
594 4333 724 4392 verbum
745 4330 903 4410 finierint,
940 4337 972 4390 et
995 4329 1050 4404 qui
1072 4329 1206 4388 tructam
1231 4324 1464 4404 intelligentiae

229 4449 306 4496 suae
330 4432 541 4504 reddiderint,
564 4433 788 4496 manifestandi
811 4440 882 4496 suut
895 4433 1096 4501 nominibus,
1121 4437 1153 4490 et
1168 4430 1355 4491 tribuendus
1373 4426 1465 4505 panis

230 4545 261 4598 et
287 4543 401 4616 potus,
426 4539 510 4614 quod
534 4540 567 4599 hi
592 4554 699 4607 verum
722 4552 944 4614 possessorem
966 4537 1120 4604 habeant,
1142 4533 1259 4609 quibus
1283 4533 1463 4594 intellectus

229 4641 482 4702 testimoniorum
504 4643 565 4702 Dei
589 4642 722 4718 largitus
742 4642 798 4710 «sit,
824 4659 886 4700 uon
909 4647 1100 4700 mortuarum
1115 4653 1162 4700 cx
1186 4637 1314 4704 abactis,
1338 4635 1394 4694 scd
1421 4632 1461 4700 ri-
