3120 5206
201 304 245 378 ii
592 323 837 374 surriuuunra
864 322 945 372 auru
968 324 1043 375 rara.

202 479 409 542 familiarium
432 477 591 538 inauditas
621 477 692 537 sine
717 493 871 554 responso
896 476 1047 539 dimittas,
1092 455 1205 552 ltaque
1225 475 1304 536 satis
1328 474 1437 535 mirari

201 603 265 644 non
288 601 427 661 possum.
474 580 598 656 Optima
622 580 769 655 quaeque
792 580 832 638 de
854 587 886 638 te
910 580 990 640 mihi
1016 579 1188 656 polliceor,
1224 581 1255 637 et
1277 595 1317 637 ne
1340 580 1436 637 verbo

202 687 331 764 quidem
360 701 436 762 spes
465 685 597 744 fovetur.
650 683 771 742 Mereor
794 683 922 744 tandem
951 683 984 742 id
1006 683 1129 759 gratiae
1141 681 1182 765 ¹),
1209 690 1244 742 nt
1273 681 1373 742 sciam
1405 688 1437 738 te

201 789 364 851 amicitiae
394 786 605 847 renuntiasse.
660 785 698 845 Et
709 782 735 862 ²)
763 803 825 859 quo
851 793 944 860 pacto
969 785 1001 844 id
1024 784 1142 855 faciae,
1166 784 1231 844 nisi
1256 790 1287 844 et
1311 783 1437 843 Christo

199 891 378 960 valedicam,
403 887 514 964 quiet
536 887 608 963 ipse
632 885 713 946 mihi
736 883 856 968 κεφαλή
864 884 878 944 ?
924 889 1116 948 Persuasum
1137 887 1226 947 enim
1246 885 1345 954 mihi,
1370 886 1436 944 uul-

200 996 264 1055 lum
288 1010 327 1054 ex
349 990 498 1052 membris
521 989 627 1060 illius,
651 989 708 1077 qni
731 990 822 1052 illum
845 1007 954 1053 varum
978 998 1011 1050 et
1033 993 1136 1061 Deum
1157 998 1188 1050 et
1207 989 1370 1050 hominem
1393 989 1437 1048 fa-

200 1105 306 1160 tentur
330 1114 365 1158 ac
388 1096 534 1164 creduut,
559 1097 705 1168 beneque
731 1110 807 1170 erga
831 1111 942 1156 omnes
967 1111 1005 1154 aa
1029 1095 1093 1154 fide
1117 1093 1309 1170 conspicuos
1329 1089 1439 1152 affecti

201 1208 290 1271 sunt,
315 1203 353 1262 ab
376 1196 451 1259 aliis
474 1195 640 1265 membris,
665 1211 748 1270 quae
772 1195 856 1257 idem
881 1196 1014 1274 spiritus
1039 1205 1184 1274 vegetat,
1208 1196 1306 1258 abiiai
1329 1210 1437 1270 posse.

201 1304 311 1378 Neque
341 1301 371 1362 in
403 1303 463 1360 hoc
493 1299 560 1360 falli
591 1305 721 1375 potero,
751 1307 911 1374 utcunque
942 1301 1069 1360 fratrum
1101 1300 1305 1361 imbecillitas
1335 1296 1439 1380 oflicii

201 1407 252 1468 sui
275 1404 400 1466 iuterim
425 1421 536 1481 parum
558 1418 678 1462 memor
702 1410 757 1462 est.
794 1403 861 1462 Non
884 1401 1068 1478 ignoramus
1092 1402 1161 1470 hic,
1186 1419 1267 1477 qnae
1282 1395 1298 1462 ὃ
1315 1403 1440 1480 τέκτων,

200 1511 256 1572 τοῦ
276 1504 481 1590 ἀντιχρίστου
508 1495 545 1568 οὗ
567 1502 770 1585 πρόδρομος,
793 1499 873 1566 <itta
893 1503 1052 1586 παρόντος
1075 1502 1171 1586 adpo}
1189 1505 1285 1565 isthic
1305 1505 1440 1565 fabricet

199 1595 382 1690 Philippica
406 1607 459 1692 (de
482 1607 656 1667 Macedone
682 1607 827 1684 inquam,
849 1627 911 1668 non
933 1611 972 1668 de
991 1616 1042 1678 te,
1067 1616 1174 1669 nostro
1192 1626 1266 1668 vere
1286 1607 1440 1690 candido)

199 1715 326 1782 frande,
349 1719 383 1770 ut
407 1709 497 1770 nohis
522 1708 658 1785 primum
681 1708 846 1786 negotium
869 1709 982 1780 iaciat,
1008 1729 1069 1784 quo
1093 1709 1210 1771 deinde
1234 1718 1265 1770 et
1283 1730 1340 1770 vos
1362 1729 1439 1787 qno-

204 1833 266 1894 que
289 1816 425 1876 invadat.
478 1813 543 1872 Sed
572 1818 645 1871 ante
675 1814 786 1872 oculos
810 1820 1019 1889 pennatorum
1046 1815 1162 1874 frustra
1192 1812 1323 1890 proiicit
1346 1814 1438 1874 retia.

198 1921 354 1997 Equidem
384 1936 446 1978 non
470 1914 633 1976 mediocre
664 1915 816 1976 coelestis
846 1916 946 1994 patris
976 1915 1221 1977 benevolentiae
1247 1916 1440 2000 indicium³)

199 2039 333 2092 censeo,
364 2021 447 2097 quod
472 2027 504 2078 et
527 2013 561 2078 tu
585 2017 617 2078 iu
647 2020 707 2077 hoc
738 2020 902 2094 praeclaro
934 2017 1115 2096 Principum
1146 2017 1335 2080 Germaniae
1366 2039 1439 2080 con-

202 2134 295 2188 ventu
317 2125 430 2186 amicis
455 2107 492 2183 et¹
510 2121 575 2198 piis
600 2138 775 2198 suggerere
796 2125 904 2182 valeas
929 2139 967 2182 ea
990 2140 1071 2198 qnae
1097 2124 1204 2200 pacis,
1235 2132 1374 2199 atquae
1402 2124 1438 2184 in

199 2230 334 2309 gloriam
357 2226 486 2289 curisti.
528 2223 688 2284 Proscribi
712 2224 800 2302 cupit
823 2225 933 2284 nescio
959 2226 1031 2302 quis
1055 2226 1334 2287 sacramentarios.
1370 2227 1439 2286 Sri-

199 2333 275 2394 licet
298 2333 347 2392 illi
370 2330 447 2392 fidei
472 2326 642 2389 sinceritas
666 2327 754 2387 cordi
776 2325 847 2386 est?
880 2337 911 2387 et
934 2331 995 2389 hoc
1025 2337 1117 2405 pacto
1148 2329 1339 2391 concordiae
1364 2348 1437 2390 con-

199 2437 298 2505 sulet,
329 2433 358 2494 si
382 2431 522 2493 crassius
546 2437 578 2490 et
600 2429 690 2505 loqui
723 2437 755 2488 et
784 2429 905 2490 sentire
935 2435 1013 2512 περὶ
1035 2433 1097 2494 τῶν
1117 2436 1313 2513 μυστηρίων,
1342 2447 1437 2506 quam

200 2555 256 2614 par
280 2543 345 2604 est,
370 2529 561 2594 inculcarit?
619 2531 746 2591 Interim
778 2541 887 2608 crepat
916 2536 1032 2594 multas
1063 2534 1305 2612 sycophantias:
1341 2535 1438 2608 quasi

198 2625 291 2700 nobis
315 2638 358 2699 sit
380 2639 482 2716 figura
505 2653 541 2696 ac
565 2637 769 2712 phantasma,
800 2655 863 2696 nou
889 2637 1007 2698 veritas
1032 2637 1193 2698 Christus:
1219 2636 1311 2712 quasi
1335 2635 1436 2696 imtra-

199 2741 301 2810 ciilis,
325 2758 386 2799 non
411 2738 613 2815 omnipotens
637 2735 798 2797 Christus:
824 2739 917 2814 quasi
940 2739 1067 2800 unicum
1091 2742 1241 2817 angulum
1265 2755 1438 2816 occupans,

201 2840 266 2926 et⁴)
296 2861 359 2902 nou
387 2840 508 2916 ubique
538 2837 581 2898 sit
603 2854 640 2897 ao
664 2845 770 2913 portet
798 2839 905 2900 ornnia
928 2845 1025 2902 verbo
1051 2842 1178 2902 virtutis
1202 2857 1289 2902 suae.
1346 2841 1438 2900 Belle

200 2942 342 3013 scilicet,
374 2941 402 3002 si
427 2939 611 3001 distinctius
636 2939 819 3000 denotaris
849 2942 943 3003 unius
967 2952 1116 3014 naturae,
1144 2943 1250 3004 idest
1278 2941 1328 3025 (ut
1352 2945 1440 3018 quod

200 3043 461 3130 ἒμφατικωτὲρως
478 3043 586 3105 dicere
608 3042 714 3113 volui,
738 3043 912 3128 explicem)
936 3063 1093 3123 personae
1105 3045 1129 3130 ⁶)
1153 3043 1365 3128 loquimur⁵),
1393 3047 1440 3106 id-

199 3148 284 3210 circo
317 3149 449 3208 alteram
478 3161 596 3223 negare
627 3145 797 3206 videamur.
851 3149 889 3208 Et
912 3148 941 3207 si
965 3149 1165 3210 divinitatem
1188 3165 1340 3226 negemus
1365 3167 1440 3224 pas-

199 3271 266 3314 sam
289 3251 322 3312 in
346 3269 403 3312 sua
425 3257 552 3319 natura,
588 3248 662 3308 ideo
693 3265 842 3326 cogamur
871 3267 988 3328 negare
1018 3252 1117 3312 etiam
1148 3252 1305 3312 Christum
1334 3253 1444 3312 Deum

198 3372 342 3430 passum:
377 3361 409 3414 et
439 3353 468 3414 si
500 3369 681 3414 asseramus
695 3350 737 3435 7),
772 3370 955 3430 corpoream
993 3354 1112 3415 Christi
1142 3355 1375 3415 dimensionem
1408 3363 1440 3415 et

199 3457 411 3531 quantitatem
433 3473 494 3516 non
519 3471 592 3516 esse
622 3455 742 3530 ubique
773 3457 930 3530 locorum,
961 3456 1036 3517 ideo
1067 3458 1245 3519 inficiemur
1268 3458 1440 3528 Christum,

199 3557 255 3633 qui
285 3561 436 3628 humana,
467 3574 548 3634 quae
585 3560 685 3618 semel
716 3558 920 3642 assumsit⁸),
955 3577 1113 3636 nunquam
1147 3561 1336 3638 dereliquit,
1374 3579 1439 3623 non

200 3675 273 3720 csse
295 3661 415 3737 ubique
440 3664 595 3731 locorum,
630 3680 692 3722 non
717 3678 790 3721 esse
814 3661 897 3722 inter
921 3665 1001 3723 duos
1031 3662 1121 3747 autl)
1152 3671 1218 3724 tres
1243 3664 1274 3724 ia
1299 3681 1356 3725 suo
1382 3685 1438 3726 no-

198 3765 402 3776 ——u—-nu——anu

286 3817 311 3881 1)
338 3815 445 3868 Mereor
457 3817 569 3866 taudem
582 3816 609 3867 id
623 3817 753 3884 gratiae]
774 3819 815 3869 sio
827 3817 933 3885 Epist.;
950 3815 1047 3869 Scult:
1068 3819 1171 3872 Vereor
1182 3820 1293 3882 tandem
1306 3821 1439 3886 futurum,

284 3903 312 3964 2)
335 3901 381 3970 Et]
401 3903 441 3954 sic
459 3901 568 3970 Episr.;
587 3901 687 3955 seuit:
709 3909 745 3955 At

285 3989 313 4054 3)
336 3988 480 4061 indicium]
500 3990 540 4040 sic
558 3987 655 4052 Scult.;
675 3989 778 4057 Epist:
798 3991 928 4042 iudicium

282 4063 311 4140 q)
338 4076 376 4142 ct]
397 4076 436 4126 sic
455 4075 562 4143 Epist.;
582 4075 686 4128 Scult:
707 4094 738 4128 ac

284 4163 312 4226 5)
338 4164 418 4214 unius
437 4171 566 4227 naturae,
585 4165 614 4216 id
633 4172 675 4217 est
688 4194 723 4205 -
736 4166 884 4234 personae]
905 4169 945 4219 sio
959 4167 1064 4235 Epist.;
1084 4165 1182 4219 Scult:
1203 4170 1284 4220 unius
1303 4186 1438 4236 personae

284 4246 313 4313 6)
338 4249 493 4316 loquimur,]
514 4251 555 4304 sic
574 4249 672 4313 Scult.;
690 4252 792 4319 Epist:
812 4254 940 4318 loquitur,

284 4333 313 4400 7)
340 4336 364 4386 si
383 4337 551 4404 asseramus]
571 4340 612 4392 sio
631 4337 730 4400 Scult.;
750 4339 854 4407 Epist:
876 4341 907 4394 si,
919 4355 972 4392 uon
990 4354 1147 4394 asseramus

281 4419 311 4486 8)
338 4422 382 4486 qui
401 4423 533 4490 humana,
554 4440 622 4489 quaa
641 4427 725 4477 semel
744 4427 902 4493 assumsil‚]
922 4429 963 4478 sio
981 4427 1085 4487 Soult.;
1115 4425 1223 4496 Epist:
1252 4430 1298 4492 qui
1315 4431 1437 4482 humana

198 4507 284 4558 semel
304 4511 464 4578 assumpsit,
742 4525 743 4528 ’

283 4592 311 4658 9)
336 4595 394 4661 aut]
415 4598 453 4649 sic
472 4596 578 4667 Epist.;
598 4599 698 4652 Scala:
718 4606 745 4650 et
802 4625 806 4630 Δ
