3072 5208
225 321 297 416 m
616 337 1065 402 amraprmonoattmnuo.

228 496 342 576 stiuam
371 493 596 572 constantien!
654 493 701 559 lia
734 493 933 572 languerem>
965 495 1028 562 ista
1055 502 1110 562 tao
1137 499 1309 566 tormidine
1338 519 1376 564 ac
1405 519 1456 577 pu·

227 598 449 678 sillopimltate
478 605 657 665 nostrorum
679 595 805 669 animos
833 595 1020 675 tantopere!
1077 599 1144 665 Noo
1167 602 1293 679 operito
1316 606 1377 666 bac
1396 623 1457 666 non

225 703 299 776 otili
329 702 546 772 moderatione
574 701 615 776 ad
644 706 781 780 papatus
811 708 1027 770 recurrentem
1063 702 1261 780 impietatem
1292 723 1330 766 ac
1359 707 1457 768 idolo·

225 803 348 879 marias
369 805 547 873 fenestram,
564 819 602 870 ac
624 800 766 869 mouera!
801 801 868 871 Nou
891 803 938 869 sis
960 811 1119 871 tantorum
1143 807 1174 870 in
1199 808 1341 872 ecclesia
1362 808 1457 870 nden-

225 907 401 980 ‹lioolomm
424 901 530 976 autor!
566 905 612 966 lle
634 903 742 986 sinos,
766 911 820 974 tua
842 911 906 973 tom
929 906 1065 986 egregia
1086 909 1224 985 scripta,
1248 909 1344 982 dicta,
1365 913 1458 980 tacta,

226 1009 340 1094 quibus
369 1007 505 1078 mirifica
535 1008 690 1072 hactenus
718 1006 760 1068 de
788 1005 929 1074 ecclesio
951 1025 990 1072 ac
1011 1008 1134 1074 scholis
1157 1011 1290 1075 maritas
1313 1027 1366 1082 ea,
1396 1011 1457 1074 isto
1515 1081 1519 1092 ,

226 1110 488 1190 condonationis,
510 1109 709 1180 novationis.
730 1110 961 1180 moderationis
975 1127 1077 1184 navo.
1099 1115 1139 1179 ad
1164 1130 1235 1179 eum
1259 1114 1385 1179 modun
1407 1116 1457 1178 de

226 1211 372 1286 formari!
425 1211 556 1291 Cogito,
584 1218 736 1288 quantum
765 1213 864 1279 animi
894 1214 957 1280 iata
987 1223 1094 1283 uestra
1123 1216 1260 1281 coasilia
1290 1224 1322 1279 et
1350 1219 1457 1280 adeor

227 1315 330 1391 striis·
346 1317 478 1388 addant,
502 1323 534 1377 et
554 1314 676 1384 nostris
699 1313 847 1409 adimant
891 1317 1073 1396 romonae,
1102 1335 1196 1395 prrorn
1218 1322 1341 1397 plocen
1365 1322 1457 1386 etiam

227 1421 300 1490 istis
322 1417 596 1485 moderationibus
619 1416 875 1494 adversariorum
898 1417 996 1486 animi
1027 1439 1089 1484 nou
1114 1429 1253 1498 omont,
1279 1425 1335 1500 qni
1363 1425 1458 1488 totius

227 1529 363 1602 papatus
394 1520 570 1590 doctrinam
592 1527 624 1581 et
647 1535 757 1592 ammos
787 1537 828 1589 ex
858 1537 964 1597 aequo
993 1521 1113 1600 impios
1143 1526 1247 1589 cultus
1277 1533 1457 1604 reposcunt,

227 1633 259 1691 tt
282 1642 321 1690 cx
344 1631 453 1693 nostra
474 1621 739 1704 pusillanimitate
765 1639 854 1702 spara
877 1625 1077 1702 concipiunt,
1109 1627 1204 1693 laoilo
1226 1645 1263 1690 se
1287 1629 1357 1690 voti
1372 1646 1458 1698 ‚com-

227 1735 322 1805 potes
345 1729 469 1792 futuros
492 1728 552 1790 bac
574 1723 608 1792 tn
630 1741 683 1796 re,
712 1723 742 1790 si
772 1723 822 1790 sia
852 1725 1041 1792 vacillantes
1073 1744 1187 1807 urgere
1211 1738 1355 1808 pergant.
1400 1731 1458 1794 ae
1529 1747 1530 1810 ᾗ

225 1837 361 1904 testetur
384 1830 531 1902 dommus
554 1828 638 1908 opud
661 1827 826 1891 larentiam
850 1843 925 1900 cos,
949 1830 1034 1904 quod
1057 1832 1139 1901 scis,
1163 1830 1219 1907 qui
1234 1849 1347 1897 manus
1360 1833 1456 1910 pessi

226 1950 348 2003 morum
371 1933 566 2004 conlortant,
596 1938 630 1995 ut
652 1947 714 1994 non
739 1937 940 1998 convertatur
962 1935 1185 2009 unomnispuo
1206 1953 1226 1996 a
1249 1936 1375 2000 malitia
1396 1956 1458 2000 sua

227 2037 289 2114 Gor
310 2035 409 2114 igitur
431 2036 465 2101 iu
487 2042 550 2101 lam
572 2034 672 2101 ardua
695 2050 811 2096 caussa
832 2051 891 2094 nos
913 2036 996 2096 tales
1027 2053 1089 2098 non
1111 2035 1269 2114 garinim,
1298 2046 1330 2100 ut
1355 2040 1458 2106 huius

226 2137 313 2202 morli
335 2137 507 2204 detestatio
531 2142 715 2218 conpetere
739 2135 771 2204 iu
795 2154 853 2196 nos
876 2136 961 2202 haud
984 2133 1114 2214 possiti
1158 2138 1226 2218 Qua
1246 2141 1457 2216 perversitate

227 2241 345 2312 arundo
363 2241 430 2320 ,buc
453 2239 529 2304 illuc
553 2237 659 2303 ventis
681 2236 801 2316 agitata
823 2238 906 2308 dici,
937 2255 1029 2314 quara
1057 2241 1227 2307 loannis.
1247 2243 1456 2320 baptistas

226 2342 440 2412 constantiam.
465 2341 584 2415 imitari
612 2337 791 2411 malumus?
841 2340 983 2412 Scimus,
1019 2342 1154 2420 reipubl.
1186 2344 1456 2420 tranquillitatem,

227 2463 310 2526 quaa
333 2446 459 2519 rationo
481 2446 541 2510 bac
564 2443 743 2522 quaeritur,
767 2459 833 2505 ram
859 2441 963 2510 morlia
986 2443 1131 2509 omnibus
1148 2449 1363 2524 expetendam
1378 2465 1455 2512 essa

227 2549 367 2627 Scimus,
390 2564 488 2628 pace,
513 2563 607 2626 quam
632 2544 805 2626 oxpatitim
829 2543 912 2614 ailril
934 2561 1040 2622 iraque
1063 2545 1233 2616 iucundius
1249 2566 1357 2627 oaoua
1372 2559 1454 2630 opta·

226 2653 323 2728 bii'ms
347 2667 429 2714 esse.
464 2649 526 2714 Sed
550 2665 659 2728 pacem
683 2666 720 2718 ac
742 2649 1007 2726 tranquillitatem
1030 2667 1100 2712 cum
1123 2657 1170 2718 tot
1188 2669 1226 2722 ac
1243 2653 1343 2716 tantis
1359 2655 1454 2720 ecclo-

227 2756 345 2827 siarum
369 2753 591 2832 incommodis,
614 2751 817 2822 offendiculis
832 2768 871 2816 ac
887 2750 1121 2822 turbationibus
1138 2770 1308 2830 quaerere,
1335 2757 1369 2821 id
1386 2773 1454 2820 vero

227 2878 265 2928 on
289 2859 350 2924 deo
374 2859 515 2936 placeat,
546 2857 611 2936 ipsi
633 2856 750 2934 positis
773 2853 952 2933 adfectibus
975 2856 1126 2922 iudicate.
1170 2859 1282 2924 Annon
1306 2858 1393 2927 enim
1415 2860 1455 2920 di·
1528 2879 1529 2886 ¹

228 2977 355 3029 vorsum
370 2959 557 3024 Christus
580 2960 690 3023 docet:
712 2957 791 3023 Nora
811 2963 890 3026 oroi
902 2977 1024 3039 pacoro
1043 2963 1186 3033 niune,
1208 2959 1268 3022 aad
1280 2955 1456 3040 gudino?
1528 2963 1529 2966 ’

227 3067 320 3133 llam:
344 3061 468 3144 [gam
483 3069 562 3129 vent
577 3067 710 3135 niune
730 3067 765 3124 in
786 3071 925 3142 amara,
948 3072 981 3125 et
997 3061 1079 3143 perd
1092 3063 1165 3129 valo
1181 3068 1249 3133 uiri
1261 3076 1299 3128 rot
1313 3055 1456 3130 ardeat?

226 3165 430 3248 Flaccus¹l
461 3167 502 3226 de
529 3164 665 3244 politice
692 3167 775 3232 bono
800 3163 868 3229 viro
898 3164 1017 3240 inquit:
1060 3163 1102 3228 Sc·
1122 3161 1265 3241 froom
1295 3165 1456 3240 aratores

226 3265 332 3348 crito,
345 3266 483 3346 fero'sot
504 3273 624 3333 ruinae
646 3265 862 3350 impavidam.
915 3265 1038 3341 Quanto
1066 3269 1169 3346 magis
1193 3287 1269 3340 nos,
1300 3271 1358 3346 omi
1381 3268 1454 3337 obri·

226 3373 324 3440 stiaui
345 3379 379 3435 ot
401 3372 611 3443 ecclesiarum
633 3372 864 3448 gubernatores
894 3387 1019 3440 sumus,
1049 3371 1214 3437 lunatione
1243 3379 1354 3438 nostra
1383 3371 1455 3438 nibil

226 3473 391 3552 indignum
414 3474 464 3534 vel
494 3473 603 3538 dicare
632 3473 684 3538 rel
713 3473 820 3545 lacero
846 3473 896 3538 nal
928 3473 1073 3550 recipere
1103 3475 1301 3546 uitandorum
1338 3476 1454 3553 pericu-

226 3579 327 3652 lorum
350 3574 453 3655 gratio
476 3574 636 3654 debemus
687 3573 818 3646 Fateor,
849 3589 973 3642 trucem
1005 3581 1128 3639 temore
1149 3578 1375 3642 accersendam
1400 3595 1453 3642 non

158 3749 163 3762 ⁸
228 3695 310 3751 esse.
355 3675 484 3740 interim
507 3684 613 3741 autem
637 3679 698 3738 hoc
721 3693 848 3756 quoque
875 3693 981 3746 vorum
1005 3684 1072 3748 est,
1105 3679 1136 3743 si
1158 3687 1291 3758 propter¹
1314 3679 1454 3748 vocitatis

226 3781 389 3860 nogotium
424 3778 552 3860 ingruat
581 3786 621 3850 ot
640 3777 738 3844 nitori
775 3797 836 3848 non
868 3785 980 3862 queat,
1019 3779 1145 3852 fortiter
1179 3783 1344 3852 recondam
1379 3797 1453 3846 osso.
1527 3813 1528 3864 3

225 3883 361 3957 Proinde
384 3889 433 3954 te,
457 3901 476 3947 o
497 3889 605 3949 nostor
628 3882 795 3964 Philippo,
819 3881 934 3951 itanum
958 3890 1055 3960 alque
1080 3883 1195 3948 iterum
1218 3887 1453 3964 panchristum

226 3987 460 4065 redemptorem
494 3991 635 4051 nostrum
663 3992 695 4045 et
727 3988 817 4056 brevi
853 3987 993 4051 loturum
1029 3987 1186 4059 indicam,
1221 4006 1386 4067 rogamus.
1415 3995 1453 4055 ut

227 4088 439 4166 professionis
462 4094 536 4155 tuoe
557 4105 695 4158 memor,
718 4090 815 4152 talem
838 4094 870 4150 te
894 4105 964 4151 omn
979 4089 1287 4170 Vileobargensibus
1310 4091 1376 4156 tuis
1399 4093 1454 4154 ion

226 4210 336 4276 paras,
360 4194 485 4270 qualem
508 4198 540 4254 te
564 4193 603 4268 ab
626 4189 720 4262 irritis
744 4193 840 4261 tuias
864 4209 998 4260 caussae
1021 4192 1174 4272 gessisti.
1198 4196 1258 4266 hoo
1281 4201 1349 4268 est,
1369 4201 1405 4259 ut
1421 4208 1452 4252 sa

227 4293 365 4366 seritius,
389 4294 495 4364 diras,
519 4295 656 4364 scribas,
678 4312 775 4374 opas,
799 4311 881 4372 quae
904 4295 1104 4376 Pbilippum,
1126 4297 1286 4368 doctorem
1309 4295 1451 4371 caristia-

229 4415 315 4476 npm,
352 4416 413 4467 non
443 4397 581 4465 aulicum
611 4399 840 4490 philosophum
869 4400 993 4462 decent
1052 4399 1129 4464 Nom
1158 4401 1213 4476 qui
1244 4399 1305 4462 tibi
1333 4399 1396 4467 iam
1423 4399 1450 4460 in

226 4533 431 4548 Μ·-

319 4617 346 4690 l)
370 4619 498 4678 lloratittt
517 4620 630 4685 Flaccos
651 4620 701 4680 Oti.
717 4621 762 4686 lli,
780 4623 806 4686 3,
826 4624 897 4694 lto.
