3120 5206
208 378 230 448 d
339 465 344 476 ἢ
602 393 846 451 sanctuarum
867 401 948 452 antu
976 400 1049 456 rma

209 555 348 615 leliciter
376 557 548 632 processit:
587 561 721 630 uterque
754 558 865 618 nititur
894 560 961 618 suis
992 561 1211 622 fundamentis,
1258 562 1359 622 ltloam
1383 583 1447 622 non

211 657 368 731 indicare‘,
394 660 422 718 si
445 659 577 718 alterurn
602 659 730 729 andiaS,
751 659 886 721 difficile
910 662 1077 722 iudicium:
1100 672 1252 739 qrruntum
1275 667 1305 726 in
1326 682 1377 726 nro
1398 675 1447 726 est

211 761 284 820 volo
306 766 474 836 atrumque
498 777 627 822 servare
649 763 800 832 amicum,
825 765 953 840 utrique
975 767 1088 837 fidem,
1116 769 1342 838 constantiam,
1367 769 1450 829 inte-

211 863 373 938 gritatem:
397 871 474 940 puto
500 866 619 926 referre
643 885 759 926 novum
781 868 915 928 arnicurn
934 871 1072 944 adipisci
1090 879 1121 931 et
1135 873 1450 946 veterentretinere,

210 967 310 1026 tactus
334 968 454 1028 amicus
475 969 516 1029 do
541 984 669 1044 operam
692 977 726 1030 ut
748 986 968 1046 permaneam,
1000 980 1032 1033 et
1054 975 1085 1034 si
1107 975 1257 1034 deserere
1282 977 1354 1036 volo
1384 995 1452 1037 nou

212 1070 359 1130 rescindo
383 1071 441 1130 sed
463 1071 582 1132 dissuo.
630 1071 875 1138 iurisconsultus
899 1076 979 1137 nihil
1004 1083 1093 1152 putat
1116 1083 1177 1138 tarn
1202 1085 1338 1148 certum,
1364 1081 1451 1154 qttod

213 1187 270 1247 per
301 1173 525 1234 infitiationem
555 1193 614 1235 non
646 1175 774 1238 dubium
803 1177 928 1238 habeat.
980 1179 1132 1240 Proicere
1155 1183 1235 1241 haec
1263 1181 1362 1242 Eckio
1386 1199 1452 1242 um-

215 1273 374 1349 plectendi
397 1275 607 1336 Cluistiunarn
630 1279 841 1357 theologiam:
877 1281 958 1340 forte
986 1283 1088 1358 gratia
1116 1283 1169 1344 dei
1199 1285 1369 1360 aliquando
1393 1303 1452 1344 vo-

213 1377 262 1437 bis
286 1393 414 1452 quoque
437 1380 704 1443 reconciliabitur.
751 1383 869 1446 Iniuria
891 1400 931 1444 ex
956 1385 1071 1445 allecta
1096 1387 1238 1456 metitur,
1263 1405 1323 1446 nan
1348 1387 1454 1448 voluit

213 1479 342 1555 publice
366 1481 511 1542 laedere:
543 1483 604 1544 iarn
628 1493 716 1562 putat
745 1503 780 1546 se
812 1489 952 1561 priorem
982 1490 1183 1559 lacessitum,
1213 1495 1246 1548 et
1268 1507 1380 1567 magna
1402 1491 1454 1550 ia-

213 1585 309 1660 genia
339 1585 460 1661 magnis
491 1601 617 1661 quoque
643 1589 731 1649 vitiis
761 1591 982 1652 contaminata.
1034 1593 1096 1653 Sed
1123 1601 1156 1653 tu
1181 1594 1252 1654 cale
1284 1600 1315 1654 et
1345 1594 1455 1656 omnia

214 1685 287 1747 honi
311 1689 451 1748 consule.
495 1689 699 1767 Nurrrbergac
725 1695 772 1754 tl.
798 1694 873 1755 Maii
899 1697 988 1758 tara.

323 1810 326 1816 .
1186 1784 1218 1844 G.
1241 1781 1270 1842 S.
1296 1783 1323 1842 d.

616 1882 1063 1896 -ᾕ--αψ-

679 2013 823 2109 rnna
859 2018 990 2112 tuat.

215 2189 242 2245 Ἰ.
287 2193 339 2248 No.
357 2189 395 2248 61
406 2187 426 2246 ⁵.
471 2189 545 2272 (Vol.
563 2195 585 2250 Ι.
610 2214 636 2266 p.
656 2189 739 2270 152.)
1316 2199 1339 2255 1.
1364 2199 1455 2272 April.

289 2348 573 2442 attractatam
600 2350 816 2421 Scdeurlius
844 2351 894 2422 ud
919 2349 1013 2422 Pttt.
1040 2354 1378 2427 Melanchtlacnem.

284 2481 356 2532 Haec
382 2483 499 2554 epistola
524 2483 640 2547 primunr
675 2485 834 2542 exhibetur¹
852 2486 878 2534 in
912 2485 1007 2536 codem
1038 2486 1106 2538 libro
1133 2487 1207 2538 Toni.
1229 2489 1262 2538 ll.
1296 2505 1322 2554 p.
1344 2492 1392 2542 tt2
1412 2505 1458 2553 eq.

318 2567 362 2618 Νι.
384 2568 443 2618 214.

646 2653 709 2714 Aa
735 2651 822 2716 Plu.
847 2653 1031 2718 Meluncdt.

301 2777 330 2836 S.
354 2775 475 2836 Adeon’
500 2775 633 2836 fecunda
662 2776 721 2834 luit
751 2775 889 2836 Maurico
919 2775 1112 2861 epistola¹)‚
1147 2787 1180 2838 nt
1210 2779 1293 2856 apud
1323 2787 1355 2838 te
1390 2778 1458 2838 sibi

218 2881 311 2940 unica
342 2896 435 2938 senas
472 2880 636 2956 pepererit
669 2875 816 2940 litteras?
869 2881 959 2941 Alios
990 2881 1029 2942 ad
1058 2883 1257 2942 scribendum
1288 2901 1458 2958 provocas,

197 2981 444 3060 -clisputationis
474 2983 629 3044 rationem
658 2981 782 3052 reddis,
814 2983 1061 3046 taciturnitatem
1084 2965 1223 3046 accttsas.
1276 2987 1341 3066 Ego
1368 2987 1457 3046 inte

219 3088 364 3148 officiose
388 3086 519 3147 amando
545 3103 649 3162 neque
672 3089 778 3149 ll'aurc
810 3103 915 3164 neque
937 3088 1040 3150 Hesso
1065 3090 1188 3151 concivi
1211 3090 1382 3150 secundnm
1405 3107 1458 3152 rue

219 3190 368 3258 arbitror,
393 3194 530 3248 attamen
554 3191 614 3250 iarn
640 3191 776 3268 arnplins
799 3189 840 3250 Vl
870 3207 996 3252 menses
1021 3193 1101 3251 nihil
1125 3211 1143 3254 a
1167 3199 1198 3251 te
1220 3173 1346 3268 accipio
1371 3191 1458 3251 litte-

219 3311 320 3354 rarum
333 3291 374 3378 ²),
405 3312 473 3372 non
499 3296 583 3370 qarod
607 3311 673 3354 earn
699 3294 877 3355 desiderem
901 3296 1126 3356 fecunditatem
1151 3297 1204 3370 qui
1235 3297 1330 3372 longe
1354 3297 1458 3372 gravi-

220 3399 328 3459 oribus
352 3399 534 3467 distineriS‚
558 3399 617 3462 sed
639 3398 724 3474 sluod
746 3399 865 3458 nollent
888 3405 1026 3458 nostram
1042 3400 1213 3460 amicitiant
1227 3406 1289 3460 tarn
1308 3401 1457 3460 diuturno

220 3502 349 3563 silentio
375 3501 577 3577 interrumpi,
608 3507 639 3561 ct
663 3501 819 3562 interdurn
843 3503 926 3562 bona
947 3502 1091 3572 nomina,
1127 3504 1154 3562 si
1178 3521 1336 3578 nunquam
1360 3503 1457 3562 inter-

220 3607 339 3683 pelles,
364 3606 446 3664 1nala
467 3605 554 3665 fiunt.
601 3607 646 3664 Tu
670 3606 700 3665 in
727 3605 856 3666 olficina
879 3605 1035 3666 litteraria
1059 3607 1276 3681 quottidianus
1301 3623 1354 3677 es,
1385 3608 1457 3696 sine

220 3710 459 3770 intermissione
490 3709 621 3778 scribis,
653 3708 752 3785 legis,
790 3708 903 3778 doces,
935 3710 1096 3787 disputaS,
1133 3691 1249 3772 abusus
1279 3709 1459 3772 scholarum

221 3813 386 3889 explodis,
419 3819 505 3872 recta
527 3811 632 3872 studia
656 3811 855 3890 postliminio
879 3813 1022 3883 reduciS,
1054 3819 1190 3872 aetatem
1223 3819 1362 3874 nostram
1385 3814 1457 3873 rlre-

221 3905 338 3985 torice,
369 3914 498 3985 Latine,
524 3914 661 3984 Graece,
692 3916 817 3976 sincere
842 3893 999 3976 instituis:
1031 3933 1174 3977 rneame
1198 3917 1401 3994 respublica
1425 3924 1458 3976 et,

221 4019 386 4079 tarnitioris
417 4018 511 4080 etiarn
543 4019 637 4094 longe
667 4018 731 4078 alio
761 4027 881 4081 avocat,
933 4019 1001 4080 Non
1029 4019 1102 4080 ideo
1132 4018 1191 4078 tibi
1221 4020 1370 4080 convenit
1394 4019 1456 4096 pri-

308 4191 337 4258 1)
363 4195 382 4244 i.
403 4209 427 4244 e.
445 4192 570 4259 Epistola
590 4209 605 4242 a
624 4192 833 4245 Motenclrtlrone
853 4193 887 4244 ad
907 4194 1075 4245 Bernardum
1094 4191 1216 4244 Maurum
1237 4210 1272 4244 m.
1297 4193 1357 4242 Jan.
1379 4194 1455 4245 tata.

221 4281 341 4348 scripta,
360 4292 429 4343 qaae
447 4279 547 4344 legitur
565 4278 591 4328 in
613 4275 692 4346 dorp.
712 4279 830 4335 Reform.
850 4280 909 4332 Vol.
926 4281 946 4328 l.
965 4295 993 4346 p.
1008 4276 1119 4332 62-66.
1141 4279 1190 4330 tto.
1206 4281 1248 4332 31.

309 4365 337 4430 2)
361 4365 403 4414 Ex
415 4365 458 4416 lits
471 4365 562 4416 vorbis
574 4367 763 4431 consequitur,
783 4367 929 4434 epistolam
948 4367 1022 4416 illum
1036 4381 1051 4416 a
1063 4363 1272 4418 lllelanolttlrone
1287 4365 1320 4415 ad
1344 4363 1459 4418 Solicin-

219 4457 283 4505 lium
303 4455 344 4506 ¹28.
359 4452 437 4501 Febr.
458 4452 540 4516 (anno
559 4469 612 4504 non
633 4453 785 4520 adscripto)
805 4456 897 4506 datam
917 4470 968 4506 non
988 4470 1047 4504 curn
1061 4450 1341 4506 Brasctmetderovet
1367 4456 1459 4520 potius

220 4542 432 4592 Foersternonno
458 4537 552 4606 (Garp.
571 4539 743 4595 petroli.
770 4557 797 4608 p.
814 4541 868 4594 147.
892 4541 1009 4606 Nede.)
1034 4541 1069 4592 ed
1088 4549 1186 4592 anuum
1208 4540 1281 4594 1520.
1301 4544 1361 4593 e‘sse
1391 4543 1459 4594 rele-

220 4625 346 4688 rendom‚
364 4625 574 4676 secludendum
595 4627 669 4679 rato.
708 4627 869 4706 Goniorotur
888 4627 1027 4679 annotatio
1046 4637 1107 4678 mea
1126 4645 1153 4694 p.
1166 4630 1191 4681 3.
1222 4629 1255 4680 ad
1275 4629 1418 4696 eplstolam
1430 4631 1455 4682 3.

220 4711 440 4778 praecedentem.
