<?xml version="1.0" encoding="UTF-8"?>
<!DOCTYPE html PUBLIC "-//W3C//DTD XHTML 1.0 Transitional//EN"
    "http://www.w3.org/TR/xhtml1/DTD/xhtml1-transitional.dtd">
<html xmlns="http://www.w3.org/1999/xhtml" xml:lang="en" lang="en">
 <head>
  <title>
</title>
<meta http-equiv="Content-Type" content="text/html;charset=utf-8" />
  <meta name='ocr-system' content='tesseract 3.04.00' />
  <meta name='ocr-capabilities' content='ocr_page ocr_carea ocr_par ocr_line ocrx_word'/>
</head>
<body>
  <div class='ocr_page' id='page_1' title='image "./philippimelanch01melagoog_0347.png"; bbox 0 0 3064 5206; ppageno 0'>
   <div class='ocr_carea' id='block_1_1' title="bbox 278 313 1154 395">
    <p class='ocr_par' dir='ltr' id='par_1_1' title="bbox 278 313 1154 395">
     <span class='ocr_line' id='line_1_1' title="bbox 278 313 1154 395; baseline 0.002 -9"><span class='ocrx_word' id='word_1_1' title='bbox 278 313 347 386; x_wconf 86' lang='lat' dir='ltr'><strong>tta</strong></span> <span class='ocrx_word' id='word_1_2' title='bbox 673 329 917 391; x_wconf 76' lang='lat' dir='ltr'><strong>emetiamur</strong></span> <span class='ocrx_word' id='word_1_3' title='bbox 937 329 1020 386; x_wconf 75' lang='lat' dir='ltr'><strong>artu</strong></span> <span class='ocrx_word' id='word_1_4' title='bbox 1042 331 1118 395; x_wconf 78' lang='lat' dir='ltr'><strong>issa</strong></span> <span class='ocrx_word' id='word_1_5' title='bbox 1147 320 1154 339; x_wconf 77' lang='grc'><strong>“</strong></span> 
     </span>
    </p>
   </div>
   <div class='ocr_carea' id='block_1_2' title="bbox 280 483 1496 2598">
    <p class='ocr_par' dir='ltr' id='par_1_2' title="bbox 280 483 1496 2598">
     <span class='ocr_line' id='line_1_2' title="bbox 282 483 1495 566; baseline 0 -22"><span class='ocrx_word' id='word_1_6' title='bbox 282 485 361 548; x_wconf 89' lang='lat' dir='ltr'><strong>tttod</strong></span> <span class='ocrx_word' id='word_1_7' title='bbox 390 493 578 556; x_wconf 85' lang='lat' dir='ltr'><strong>monstrum,</strong></span> <span class='ocrx_word' id='word_1_8' title='bbox 606 505 668 550; x_wconf 88' lang='lat' dir='ltr'><strong>nou</strong></span> <span class='ocrx_word' id='word_1_9' title='bbox 692 485 765 548; x_wconf 91' lang='lat' dir='ltr'><strong>Oroi</strong></span> <span class='ocrx_word' id='word_1_10' title='bbox 796 488 852 548; x_wconf 84' lang='lat' dir='ltr'><strong>sed</strong></span> <span class='ocrx_word' id='word_1_11' title='bbox 885 483 1002 550; x_wconf 81' lang='lat' dir='ltr'>Christi</span> <span class='ocrx_word' id='word_1_12' title='bbox 1031 487 1127 564; x_wconf 81' lang='lat' dir='ltr'><strong>galea</strong></span> <span class='ocrx_word' id='word_1_13' title='bbox 1158 492 1276 558; x_wconf 83' lang='lat' dir='ltr'><strong>tectas.</strong></span> <span class='ocrx_word' id='word_1_14' title='bbox 1304 484 1495 566; x_wconf 78' lang='lat' dir='ltr'><strong>aggrediaris,</strong></span> 
     </span>
     <span class='ocr_line' id='line_1_3' title="bbox 281 587 1496 664; baseline 0 -16"><span class='ocrx_word' id='word_1_15' title='bbox 281 605 322 650; x_wconf 88' lang='lat' dir='ltr'><strong>ao</strong></span> <span class='ocrx_word' id='word_1_16' title='bbox 345 605 408 664; x_wconf 81' lang='lat' dir='ltr'><strong>quo</strong></span> <span class='ocrx_word' id='word_1_17' title='bbox 431 589 526 650; x_wconf 88' lang='lat' dir='ltr'><strong>decet</strong></span> <span class='ocrx_word' id='word_1_18' title='bbox 547 588 671 660; x_wconf 87' lang='lat' dir='ltr'><strong>animo,</strong></span> <span class='ocrx_word' id='word_1_19' title='bbox 706 605 841 664; x_wconf 86' lang='lat' dir='ltr'><strong>eamque</strong></span> <span class='ocrx_word' id='word_1_20' title='bbox 868 588 933 648; x_wconf 88' lang='lat' dir='ltr'><strong>vim</strong></span> <span class='ocrx_word' id='word_1_21' title='bbox 963 587 995 648; x_wconf 89' lang='lat' dir='ltr'><strong>in</strong></span> <span class='ocrx_word' id='word_1_22' title='bbox 1027 589 1193 652; x_wconf 87' lang='lat' dir='ltr'><strong>scribendo</strong></span> <span class='ocrx_word' id='word_1_23' title='bbox 1222 589 1393 660; x_wconf 87' lang='lat' dir='ltr'><strong>adhibeas,</strong></span> <span class='ocrx_word' id='word_1_24' title='bbox 1425 606 1496 664; x_wconf 90' lang='lat' dir='ltr'><strong>quam</strong></span> 
     </span>
     <span class='ocr_line' id='line_1_4' title="bbox 280 691 1495 770; baseline -0.001 -20"><span class='ocrx_word' id='word_1_25' title='bbox 280 698 313 752; x_wconf 90' lang='lat' dir='ltr'><strong>et</strong></span> <span class='ocrx_word' id='word_1_26' title='bbox 342 691 390 752; x_wconf 85' lang='lat' dir='ltr'><strong>rei</strong></span> <span class='ocrx_word' id='word_1_27' title='bbox 419 693 601 769; x_wconf 79' lang='lat' dir='ltr'><strong>magnitudo</strong></span> <span class='ocrx_word' id='word_1_28' title='bbox 632 699 664 754; x_wconf 91' lang='lat' dir='ltr'><strong>et</strong></span> <span class='ocrx_word' id='word_1_29' title='bbox 693 708 850 770; x_wconf 87' lang='lat' dir='ltr'><strong>personae</strong></span> <span class='ocrx_word' id='word_1_30' title='bbox 880 697 955 754; x_wconf 90' lang='lat' dir='ltr'><strong>tuae</strong></span> <span class='ocrx_word' id='word_1_31' title='bbox 991 691 1131 768; x_wconf 80' lang='lat' dir='ltr'><strong>dignitas</strong></span> <span class='ocrx_word' id='word_1_32' title='bbox 1170 692 1314 768; x_wconf 80' lang='lat' dir='ltr'><strong>requirit.</strong></span> <span class='ocrx_word' id='word_1_33' title='bbox 1364 691 1430 770; x_wconf 82' lang='lat' dir='ltr'><strong>Ego</strong></span> <span class='ocrx_word' id='word_1_34' title='bbox 1458 692 1495 750; x_wconf 90' lang='lat' dir='ltr'><strong>hit</strong></span> 
     </span>
     <span class='ocr_line' id='line_1_5' title="bbox 282 793 1495 872; baseline 0.004 -20"><span class='ocrx_word' id='word_1_35' title='bbox 282 794 447 856; x_wconf 88' lang='lat' dir='ltr'><strong>veritatem</strong></span> <span class='ocrx_word' id='word_1_36' title='bbox 469 813 507 856; x_wconf 91' lang='lat' dir='ltr'><strong>ac</strong></span> <span class='ocrx_word' id='word_1_37' title='bbox 528 797 642 860; x_wconf 84' lang='lat' dir='ltr'><strong>tamam</strong></span> <span class='ocrx_word' id='word_1_38' title='bbox 665 802 766 863; x_wconf 87' lang='lat' dir='ltr'><strong>tuam.</strong></span> <span class='ocrx_word' id='word_1_39' title='bbox 790 813 847 872; x_wconf 89' lang='lat' dir='ltr'><strong>pro</strong></span> <span class='ocrx_word' id='word_1_40' title='bbox 872 810 911 856; x_wconf 88' lang='lat' dir='ltr'><strong>eo</strong></span> <span class='ocrx_word' id='word_1_41' title='bbox 935 811 973 856; x_wconf 88' lang='lat' dir='ltr'><strong>ac</strong></span> <span class='ocrx_word' id='word_1_42' title='bbox 996 795 1116 866; x_wconf 81' lang='lat' dir='ltr'><strong>debeo.</strong></span> <span class='ocrx_word' id='word_1_43' title='bbox 1148 793 1312 856; x_wconf 82' lang='lat' dir='ltr'><strong>liberrime</strong></span> <span class='ocrx_word' id='word_1_44' title='bbox 1337 812 1495 872; x_wconf 80' lang='lat' dir='ltr'>propugno,</span> 
     </span>
     <span class='ocr_line' id='line_1_6' title="bbox 281 894 1495 975; baseline -0.002 -21"><span class='ocrx_word' id='word_1_45' title='bbox 281 894 409 956; x_wconf 90' lang='lat' dir='ltr'><strong>tametsi</strong></span> <span class='ocrx_word' id='word_1_46' title='bbox 432 913 492 956; x_wconf 87' lang='lat' dir='ltr'><strong>non</strong></span> <span class='ocrx_word' id='word_1_47' title='bbox 518 897 587 958; x_wconf 89' lang='lat' dir='ltr'><strong>siue</strong></span> <span class='ocrx_word' id='word_1_48' title='bbox 611 896 766 975; x_wconf 85' lang='lat' dir='ltr'><strong>periculo.</strong></span> <span class='ocrx_word' id='word_1_49' title='bbox 819 896 895 958; x_wconf 82' lang='lat' dir='ltr'><strong>Natu</strong></span> <span class='ocrx_word' id='word_1_50' title='bbox 920 895 950 956; x_wconf 91' lang='lat' dir='ltr'><strong>in</strong></span> <span class='ocrx_word' id='word_1_51' title='bbox 975 897 1036 959; x_wconf 92' lang='lat' dir='ltr'><strong>hoc</strong></span> <span class='ocrx_word' id='word_1_52' title='bbox 1059 911 1161 959; x_wconf 88' lang='lat' dir='ltr'><strong>rerum</strong></span> <span class='ocrx_word' id='word_1_53' title='bbox 1192 902 1278 958; x_wconf 88' lang='lat' dir='ltr'><strong>statu</strong></span> <span class='ocrx_word' id='word_1_54' title='bbox 1301 894 1434 957; x_wconf 81' lang='lat' dir='ltr'><strong>difficile</strong></span> <span class='ocrx_word' id='word_1_55' title='bbox 1453 901 1495 964; x_wconf 89' lang='lat' dir='ltr'><strong>est,</strong></span> 
     </span>
     <span class='ocr_line' id='line_1_7' title="bbox 282 995 1496 1078; baseline -0.001 -22"><span class='ocrx_word' id='word_1_56' title='bbox 282 998 448 1059; x_wconf 88' lang='lat' dir='ltr'><strong>veritatem</strong></span> <span class='ocrx_word' id='word_1_57' title='bbox 471 998 566 1060; x_wconf 91' lang='lat' dir='ltr'><strong>simul</strong></span> <span class='ocrx_word' id='word_1_58' title='bbox 590 1006 621 1060; x_wconf 88' lang='lat' dir='ltr'><strong>et</strong></span> <span class='ocrx_word' id='word_1_59' title='bbox 645 1001 778 1077; x_wconf 82' lang='lat' dir='ltr'><strong>gratiam</strong></span> <span class='ocrx_word' id='word_1_60' title='bbox 801 998 893 1059; x_wconf 87' lang='lat' dir='ltr'><strong>tueri.</strong></span> <span class='ocrx_word' id='word_1_61' title='bbox 928 999 1018 1060; x_wconf 88' lang='lat' dir='ltr'><strong>Mitto</strong></span> <span class='ocrx_word' id='word_1_62' title='bbox 1038 999 1097 1063; x_wconf 87' lang='lat' dir='ltr'><strong>tibi</strong></span> <span class='ocrx_word' id='word_1_63' title='bbox 1118 999 1318 1078; x_wconf 76' lang='lat' dir='ltr'><strong>epitaphium</strong></span> <span class='ocrx_word' id='word_1_64' title='bbox 1338 995 1496 1062; x_wconf 85' lang='lat' dir='ltr'><strong>dulcissimi</strong></span> 
     </span>
     <span class='ocr_line' id='line_1_8' title="bbox 282 1099 1494 1178; baseline -0.002 -18"><span class='ocrx_word' id='word_1_65' title='bbox 282 1100 342 1161; x_wconf 86' lang='lat' dir='ltr'><strong>filii</strong></span> <span class='ocrx_word' id='word_1_66' title='bbox 365 1099 428 1160; x_wconf 91' lang='lat' dir='ltr'><strong>mei</strong></span> <span class='ocrx_word' id='word_1_67' title='bbox 451 1103 589 1172; x_wconf 74' lang='lat' dir='ltr'><strong>hiberti,</strong></span> <span class='ocrx_word' id='word_1_68' title='bbox 614 1103 699 1178; x_wconf 89' lang='lat' dir='ltr'><strong>quod</strong></span> <span class='ocrx_word' id='word_1_69' title='bbox 722 1101 775 1163; x_wconf 92' lang='lat' dir='ltr'><strong>hic</strong></span> <span class='ocrx_word' id='word_1_70' title='bbox 798 1099 1032 1162; x_wconf 84' lang='lat' dir='ltr'><strong>inscribendum</strong></span> <span class='ocrx_word' id='word_1_71' title='bbox 1055 1102 1164 1162; x_wconf 89' lang='lat' dir='ltr'><strong>curavi</strong></span> <span class='ocrx_word' id='word_1_72' title='bbox 1190 1100 1360 1178; x_wconf 80' lang='lat' dir='ltr'><strong>magnifico</strong></span> <span class='ocrx_word' id='word_1_73' title='bbox 1385 1105 1416 1160; x_wconf 86' lang='lat' dir='ltr'><strong>et</strong></span> <span class='ocrx_word' id='word_1_74' title='bbox 1437 1117 1494 1176; x_wconf 92' lang='lat' dir='ltr'><strong>opa-</strong></span> 
     </span>
     <span class='ocr_line' id='line_1_9' title="bbox 284 1199 1495 1280; baseline -0.002 -18"><span class='ocrx_word' id='word_1_75' title='bbox 284 1218 356 1264; x_wconf 83' lang='lat' dir='ltr'><strong>roso</strong></span> <span class='ocrx_word' id='word_1_76' title='bbox 386 1203 595 1264; x_wconf 87' lang='lat' dir='ltr'><strong>monimento:</strong></span> <span class='ocrx_word' id='word_1_77' title='bbox 626 1205 658 1264; x_wconf 92' lang='lat' dir='ltr'><strong>id</strong></span> <span class='ocrx_word' id='word_1_78' title='bbox 687 1201 857 1265; x_wconf 82' lang='lat' dir='ltr'><strong>duodecim</strong></span> <span class='ocrx_word' id='word_1_79' title='bbox 886 1203 987 1280; x_wconf 86' lang='lat' dir='ltr'><strong>pedes</strong></span> <span class='ocrx_word' id='word_1_80' title='bbox 1018 1205 1162 1280; x_wconf 68' lang='lat' dir='ltr'><strong>longum,</strong></span> <span class='ocrx_word' id='word_1_81' title='bbox 1198 1210 1333 1278; x_wconf 86' lang='lat' dir='ltr'><strong>quatuor</strong></span> <span class='ocrx_word' id='word_1_82' title='bbox 1362 1199 1495 1265; x_wconf 82' lang='lat' dir='ltr'><strong>columnis</strong></span> 
     </span>
     <span class='ocr_line' id='line_1_10' title="bbox 284 1303 1494 1383; baseline -0.001 -19"><span class='ocrx_word' id='word_1_83' title='bbox 284 1311 316 1364; x_wconf 86' lang='lat' dir='ltr'><strong>ct</strong></span> <span class='ocrx_word' id='word_1_84' title='bbox 339 1304 437 1365; x_wconf 91' lang='lat' dir='ltr'><strong>variis</strong></span> <span class='ocrx_word' id='word_1_85' title='bbox 460 1305 672 1383; x_wconf 83' lang='lat' dir='ltr'><strong>imaguncuiis</strong></span> <span class='ocrx_word' id='word_1_86' title='bbox 696 1304 873 1366; x_wconf 85' lang='lat' dir='ltr'><strong>artificiose</strong></span> <span class='ocrx_word' id='word_1_87' title='bbox 896 1303 1032 1381; x_wconf 88' lang='lat' dir='ltr'><strong>sculptis</strong></span> <span class='ocrx_word' id='word_1_88' title='bbox 1056 1312 1216 1374; x_wconf 88' lang='lat' dir='ltr'><strong>ornatum,</strong></span> <span class='ocrx_word' id='word_1_89' title='bbox 1240 1311 1405 1380; x_wconf 79' lang='lat' dir='ltr'><strong>totumque</strong></span> <span class='ocrx_word' id='word_1_90' title='bbox 1427 1305 1494 1364; x_wconf 87' lang='lat' dir='ltr'><strong>inau-</strong></span> 
     </span>
     <span class='ocr_line' id='line_1_11' title="bbox 282 1403 1494 1492; baseline 0 -26"><span class='ocrx_word' id='word_1_91' title='bbox 282 1414 381 1467; x_wconf 88' lang='lat' dir='ltr'><strong>ratum</strong></span> <span class='ocrx_word' id='word_1_92' title='bbox 399 1415 455 1469; x_wconf 88' lang='lat' dir='ltr'><strong>est.</strong></span> <span class='ocrx_word' id='word_1_93' title='bbox 489 1405 628 1470; x_wconf 65' lang='lat' dir='ltr'><strong>Aetatem·</strong></span> <span class='ocrx_word' id='word_1_94' title='bbox 650 1419 682 1469; x_wconf 86' lang='lat' dir='ltr'><strong>et</strong></span> <span class='ocrx_word' id='word_1_95' title='bbox 704 1403 914 1492; x_wconf 73' lang='lat' dir='ltr'><strong>epitaphium</strong></span> <span class='ocrx_word' id='word_1_96' title='bbox 935 1415 992 1466; x_wconf 80' lang='lat' dir='ltr'><strong>tato</strong></span> <span class='ocrx_word' id='word_1_97' title='bbox 1014 1409 1143 1468; x_wconf 80' lang='lat' dir='ltr'><strong>nomine</strong></span> <span class='ocrx_word' id='word_1_98' title='bbox 1157 1404 1315 1484; x_wconf 82' lang='lat' dir='ltr'><strong>factum,</strong></span> <span class='ocrx_word' id='word_1_99' title='bbox 1337 1425 1400 1488; x_wconf 79' lang='lat' dir='ltr'><strong>quo</strong></span> <span class='ocrx_word' id='word_1_100' title='bbox 1413 1411 1494 1466; x_wconf 78' lang='lat' dir='ltr'><strong>moni·</strong></span> 
     </span>
     <span class='ocr_line' id='line_1_12' title="bbox 283 1505 1494 1591; baseline -0.002 -21"><span class='ocrx_word' id='word_1_101' title='bbox 283 1522 425 1571; x_wconf 81' lang='lat' dir='ltr'><strong>mentum</strong></span> <span class='ocrx_word' id='word_1_102' title='bbox 453 1511 651 1573; x_wconf 79' lang='lat' dir='ltr'><strong>redderetur</strong></span> <span class='ocrx_word' id='word_1_103' title='bbox 680 1509 858 1574; x_wconf 78' lang='lat' dir='ltr'><strong>illustrius.</strong></span> <span class='ocrx_word' id='word_1_104' title='bbox 908 1507 958 1572; x_wconf 79' lang='lat' dir='ltr'><strong>Eo</strong></span> <span class='ocrx_word' id='word_1_105' title='bbox 986 1531 1027 1571; x_wconf 81' lang='lat' dir='ltr'><strong>ne</strong></span> <span class='ocrx_word' id='word_1_106' title='bbox 1056 1505 1259 1591; x_wconf 81' lang='lat' dir='ltr'><strong>offenderis,</strong></span> <span class='ocrx_word' id='word_1_107' title='bbox 1295 1517 1397 1574; x_wconf 76' lang='lat' dir='ltr'><strong>etiam</strong></span> <span class='ocrx_word' id='word_1_108' title='bbox 1417 1520 1494 1590; x_wconf 80' lang='lat' dir='ltr'><strong>atque</strong></span> 
     </span>
     <span class='ocr_line' id='line_1_13' title="bbox 284 1613 1493 1686; baseline -0.001 -14"><span class='ocrx_word' id='word_1_109' title='bbox 284 1619 386 1674; x_wconf 75' lang='lat' dir='ltr'><strong>etiam</strong></span> <span class='ocrx_word' id='word_1_110' title='bbox 407 1635 473 1678; x_wconf 86' lang='lat' dir='ltr'><strong>oro.</strong></span> <span class='ocrx_word' id='word_1_111' title='bbox 518 1615 630 1686; x_wconf 82' lang='lat' dir='ltr'><strong>Miror,</strong></span> <span class='ocrx_word' id='word_1_112' title='bbox 655 1615 896 1676; x_wconf 87' lang='lat' dir='ltr'><strong>louchimum</strong></span> <span class='ocrx_word' id='word_1_113' title='bbox 921 1615 1192 1676; x_wconf 86' lang='lat' dir='ltr'><strong>camerarium</strong></span> <span class='ocrx_word' id='word_1_114' title='bbox 1223 1614 1287 1676; x_wconf 89' lang='lat' dir='ltr'><strong>iam</strong></span> <span class='ocrx_word' id='word_1_115' title='bbox 1310 1631 1329 1674; x_wconf 88' lang='lat' dir='ltr'><strong>a</strong></span> <span class='ocrx_word' id='word_1_116' title='bbox 1352 1613 1438 1674; x_wconf 80' lang='lat' dir='ltr'><strong>feriis</strong></span> <span class='ocrx_word' id='word_1_117' title='bbox 1457 1629 1493 1672; x_wconf 87' lang='lat' dir='ltr'><strong>ra-</strong></span> 
     </span>
     <span class='ocr_line' id='line_1_14' title="bbox 284 1713 1493 1795; baseline -0.002 -21"><span class='ocrx_word' id='word_1_118' title='bbox 284 1715 398 1780; x_wconf 85' lang='lat' dir='ltr'><strong>tatitiis</strong></span> <span class='ocrx_word' id='word_1_119' title='bbox 423 1717 503 1780; x_wconf 85' lang='lat' dir='ltr'><strong>nihil</strong></span> <span class='ocrx_word' id='word_1_120' title='bbox 527 1720 690 1782; x_wconf 87' lang='lat' dir='ltr'><strong>literarum</strong></span> <span class='ocrx_word' id='word_1_121' title='bbox 713 1718 753 1780; x_wconf 92' lang='lat' dir='ltr'><strong>ad</strong></span> <span class='ocrx_word' id='word_1_122' title='bbox 775 1733 825 1778; x_wconf 93' lang='lat' dir='ltr'><strong>me</strong></span> <span class='ocrx_word' id='word_1_123' title='bbox 849 1717 995 1788; x_wconf 84' lang='lat' dir='ltr'><strong>dedisse,</strong></span> <span class='ocrx_word' id='word_1_124' title='bbox 1020 1736 1087 1778; x_wconf 91' lang='lat' dir='ltr'><strong>cum</strong></span> <span class='ocrx_word' id='word_1_125' title='bbox 1110 1734 1171 1795; x_wconf 85' lang='lat' dir='ltr'><strong>ego</strong></span> <span class='ocrx_word' id='word_1_126' title='bbox 1190 1715 1240 1780; x_wconf 89' lang='lat' dir='ltr'><strong>his</strong></span> <span class='ocrx_word' id='word_1_127' title='bbox 1259 1718 1309 1778; x_wconf 88' lang='lat' dir='ltr'><strong>illi</strong></span> <span class='ocrx_word' id='word_1_128' title='bbox 1325 1713 1493 1794; x_wconf 89' lang='lat' dir='ltr'><strong>scripserim.</strong></span> 
     </span>
     <span class='ocr_line' id='line_1_15' title="bbox 283 1818 1493 1910; baseline 0 -33"><span class='ocrx_word' id='word_1_129' title='bbox 283 1819 331 1910; x_wconf 85' lang='lat' dir='ltr'><strong>De</strong></span> <span class='ocrx_word' id='word_1_130' title='bbox 354 1818 422 1879; x_wconf 82' lang='lat' dir='ltr'><strong>fitia</strong></span> <span class='ocrx_word' id='word_1_131' title='bbox 443 1821 697 1884; x_wconf 85' lang='lat' dir='ltr'><strong>meaGathcriua</strong></span> <span class='ocrx_word' id='word_1_132' title='bbox 720 1819 880 1882; x_wconf 85' lang='lat' dir='ltr'><strong>sollicitus</strong></span> <span class='ocrx_word' id='word_1_133' title='bbox 903 1838 989 1890; x_wconf 87' lang='lat' dir='ltr'><strong>sum,</strong></span> <span class='ocrx_word' id='word_1_134' title='bbox 1015 1828 1143 1898; x_wconf 88' lang='lat' dir='ltr'><strong>propter</strong></span> <span class='ocrx_word' id='word_1_135' title='bbox 1165 1820 1493 1897; x_wconf 65' lang='lat' dir='ltr'><strong>pestilentiamque</strong></span> 
     </span>
     <span class='ocr_line' id='line_1_16' title="bbox 285 1922 1494 2002; baseline -0.002 -22"><span class='ocrx_word' id='word_1_136' title='bbox 285 1922 368 1998; x_wconf 88' lang='lat' dir='ltr'><strong>apud</strong></span> <span class='ocrx_word' id='word_1_137' title='bbox 393 1939 448 1984; x_wconf 86' lang='lat' dir='ltr'><strong>vos</strong></span> <span class='ocrx_word' id='word_1_138' title='bbox 472 1923 611 2002; x_wconf 78' lang='lat' dir='ltr'><strong>grassari</strong></span> <span class='ocrx_word' id='word_1_139' title='bbox 633 1923 738 1984; x_wconf 89' lang='lat' dir='ltr'><strong>audio.</strong></span> <span class='ocrx_word' id='word_1_140' title='bbox 773 1922 878 1984; x_wconf 79' lang='lat' dir='ltr'><strong>Velim</strong></span> <span class='ocrx_word' id='word_1_141' title='bbox 901 1922 1000 2001; x_wconf 80' lang='lat' dir='ltr'><strong>igitur</strong></span> <span class='ocrx_word' id='word_1_142' title='bbox 1026 1922 1114 1986; x_wconf 80' lang='lat' dir='ltr'><strong>ittam</strong></span> <span class='ocrx_word' id='word_1_143' title='bbox 1137 1925 1243 1984; x_wconf 90' lang='lat' dir='ltr'><strong>mittas</strong></span> <span class='ocrx_word' id='word_1_144' title='bbox 1266 1925 1494 1998; x_wconf 81' lang='lat' dir='ltr'><strong>Brandeburgam</strong></span> 
     </span>
     <span class='ocr_line' id='line_1_17' title="bbox 285 2023 1493 2103; baseline -0.001 -20"><span class='ocrx_word' id='word_1_145' title='bbox 285 2023 323 2083; x_wconf 90' lang='lat' dir='ltr'><strong>ad</strong></span> <span class='ocrx_word' id='word_1_146' title='bbox 348 2040 451 2086; x_wconf 86' lang='lat' dir='ltr'><strong>meum</strong></span> <span class='ocrx_word' id='word_1_147' title='bbox 476 2026 619 2096; x_wconf 82' lang='lat' dir='ltr'><strong>tratrem,</strong></span> <span class='ocrx_word' id='word_1_148' title='bbox 644 2026 695 2088; x_wconf 88' lang='lat' dir='ltr'><strong>cui</strong></span> <span class='ocrx_word' id='word_1_149' title='bbox 718 2043 775 2101; x_wconf 88' lang='lat' dir='ltr'><strong>pro</strong></span> <span class='ocrx_word' id='word_1_150' title='bbox 799 2027 886 2086; x_wconf 86' lang='lat' dir='ltr'><strong>vtotu</strong></span> <span class='ocrx_word' id='word_1_151' title='bbox 910 2033 943 2087; x_wconf 91' lang='lat' dir='ltr'><strong>et</strong></span> <span class='ocrx_word' id='word_1_152' title='bbox 961 2023 1037 2086; x_wconf 84' lang='lat' dir='ltr'><strong>aliis</strong></span> <span class='ocrx_word' id='word_1_153' title='bbox 1053 2025 1232 2103; x_wconf 87' lang='lat' dir='ltr'><strong>sumptibus</strong></span> <span class='ocrx_word' id='word_1_154' title='bbox 1248 2025 1395 2086; x_wconf 88' lang='lat' dir='ltr'><strong>omuibus</strong></span> <span class='ocrx_word' id='word_1_155' title='bbox 1409 2025 1493 2084; x_wconf 86' lang='lat' dir='ltr'><strong>luben-</strong></span> 
     </span>
     <span class='ocr_line' id='line_1_18' title="bbox 284 2122 1493 2206; baseline -0.002 -22"><span class='ocrx_word' id='word_1_156' title='bbox 284 2122 411 2187; x_wconf 82' lang='lat' dir='ltr'><strong>tissime</strong></span> <span class='ocrx_word' id='word_1_157' title='bbox 435 2128 636 2190; x_wconf 80' lang='lat' dir='ltr'><strong>satisfaciam.</strong></span> <span class='ocrx_word' id='word_1_158' title='bbox 690 2128 797 2189; x_wconf 88' lang='lat' dir='ltr'><strong>Saluta</strong></span> <span class='ocrx_word' id='word_1_159' title='bbox 827 2126 909 2188; x_wconf 88' lang='lat' dir='ltr'><strong>meis</strong></span> <span class='ocrx_word' id='word_1_160' title='bbox 943 2128 1049 2190; x_wconf 88' lang='lat' dir='ltr'><strong>verbis</strong></span> <span class='ocrx_word' id='word_1_161' title='bbox 1071 2129 1315 2206; x_wconf 82' lang='lat' dir='ltr'><strong>Vesliugum</strong></span> <span class='ocrx_word' id='word_1_162' title='bbox 1347 2133 1377 2187; x_wconf 90' lang='lat' dir='ltr'><strong>et</strong></span> <span class='ocrx_word' id='word_1_163' title='bbox 1398 2126 1493 2186; x_wconf 87' lang='lat' dir='ltr'><strong>Vale-</strong></span> 
     </span>
     <span class='ocr_line' id='line_1_19' title="bbox 286 2229 1493 2308; baseline 0.002 -21"><span class='ocrx_word' id='word_1_164' title='bbox 286 2229 384 2290; x_wconf 88' lang='lat' dir='ltr'><strong>rium</strong></span> <span class='ocrx_word' id='word_1_165' title='bbox 407 2229 622 2302; x_wconf 82' lang='lat' dir='ltr'><strong>Fidlerum,</strong></span> <span class='ocrx_word' id='word_1_166' title='bbox 654 2232 768 2307; x_wconf 89' lang='lat' dir='ltr'><strong>quibus</strong></span> <span class='ocrx_word' id='word_1_167' title='bbox 798 2233 859 2293; x_wconf 91' lang='lat' dir='ltr'><strong>hoc</strong></span> <span class='ocrx_word' id='word_1_168' title='bbox 887 2238 1032 2308; x_wconf 87' lang='lat' dir='ltr'><strong>tempore</strong></span> <span class='ocrx_word' id='word_1_169' title='bbox 1064 2249 1125 2294; x_wconf 86' lang='lat' dir='ltr'><strong>non</strong></span> <span class='ocrx_word' id='word_1_170' title='bbox 1150 2230 1244 2308; x_wconf 86' lang='lat' dir='ltr'><strong>potui</strong></span> <span class='ocrx_word' id='word_1_171' title='bbox 1265 2232 1422 2300; x_wconf 83' lang='lat' dir='ltr'><strong>scrihere,</strong></span> <span class='ocrx_word' id='word_1_172' title='bbox 1443 2245 1493 2305; x_wconf 88' lang='lat' dir='ltr'><strong>pra·</strong></span> 
     </span>
     <span class='ocr_line' id='line_1_20' title="bbox 286 2325 1492 2410; baseline -0.002 -20"><span class='ocrx_word' id='word_1_173' title='bbox 286 2339 356 2410; x_wconf 88' lang='lat' dir='ltr'><strong>pter</strong></span> <span class='ocrx_word' id='word_1_174' title='bbox 377 2331 520 2392; x_wconf 89' lang='lat' dir='ltr'><strong>dolorem</strong></span> <span class='ocrx_word' id='word_1_175' title='bbox 544 2335 722 2402; x_wconf 85' lang='lat' dir='ltr'><strong>oculorum,</strong></span> <span class='ocrx_word' id='word_1_176' title='bbox 747 2349 808 2408; x_wconf 83' lang='lat' dir='ltr'><strong>quo</strong></span> <span class='ocrx_word' id='word_1_177' title='bbox 832 2333 1004 2394; x_wconf 84' lang='lat' dir='ltr'><strong>atticiehar.</strong></span> <span class='ocrx_word' id='word_1_178' title='bbox 1039 2335 1126 2394; x_wconf 89' lang='lat' dir='ltr'><strong>Bene</strong></span> <span class='ocrx_word' id='word_1_179' title='bbox 1152 2334 1222 2394; x_wconf 86' lang='lat' dir='ltr'><strong>vate</strong></span> <span class='ocrx_word' id='word_1_180' title='bbox 1244 2349 1314 2392; x_wconf 90' lang='lat' dir='ltr'><strong>cum</strong></span> <span class='ocrx_word' id='word_1_181' title='bbox 1338 2334 1401 2392; x_wconf 91' lang='lat' dir='ltr'><strong>tuis</strong></span> <span class='ocrx_word' id='word_1_182' title='bbox 1419 2325 1492 2390; x_wconf 83' lang='lat' dir='ltr'><strong>orrui-</strong></span> 
     </span>
     <span class='ocr_line' id='line_1_21' title="bbox 288 2427 1492 2514; baseline -0.004 -23"><span class='ocrx_word' id='word_1_183' title='bbox 288 2434 353 2492; x_wconf 88' lang='lat' dir='ltr'><strong>hus.</strong></span> <span class='ocrx_word' id='word_1_184' title='bbox 388 2435 487 2495; x_wconf 88' lang='lat' dir='ltr'><strong>Datae</strong></span> <span class='ocrx_word' id='word_1_185' title='bbox 512 2435 563 2496; x_wconf 80' lang='lat' dir='ltr'><strong>at.</strong></span> <span class='ocrx_word' id='word_1_186' title='bbox 581 2431 664 2496; x_wconf 79' lang='lat' dir='ltr'><strong>Iunii</strong></span> <span class='ocrx_word' id='word_1_187' title='bbox 690 2427 780 2496; x_wconf 85' lang='lat' dir='ltr'><strong>Armo</strong></span> <span class='ocrx_word' id='word_1_188' title='bbox 802 2433 963 2496; x_wconf 70' lang='lat' dir='ltr'><strong>stetit.</strong></span> <span class='ocrx_word' id='word_1_189' title='bbox 988 2449 1027 2497; x_wconf 90' lang='lat' dir='ltr'><strong>ex</strong></span> <span class='ocrx_word' id='word_1_190' title='bbox 1052 2435 1153 2514; x_wconf 83' lang='lat' dir='ltr'><strong>Regio</strong></span> <span class='ocrx_word' id='word_1_191' title='bbox 1179 2442 1284 2495; x_wconf 86' lang='lat' dir='ltr'><strong>moute</strong></span> <span class='ocrx_word' id='word_1_192' title='bbox 1301 2436 1492 2496; x_wconf 87' lang='lat' dir='ltr'><strong>Borussomm.</strong></span> 
     </span>
     <span class='ocr_line' id='line_1_22' title="bbox 370 2536 576 2598; baseline -0.005 -2"><span class='ocrx_word' id='word_1_193' title='bbox 370 2536 576 2598; x_wconf 69' lang='lat' dir='ltr'><strong>Festinantem</strong></span> 
     </span>
    </p>
   </div>
   <div class='ocr_carea' id='block_1_3' title="bbox 1125 2641 1428 2702">
    <p class='ocr_par' dir='ltr' id='par_1_3' title="bbox 1125 2641 1428 2702">
     <span class='ocr_line' id='line_1_23' title="bbox 1125 2641 1428 2702; baseline -0.01 -1"><span class='ocrx_word' id='word_1_194' title='bbox 1125 2643 1210 2702; x_wconf 81' lang='lat' dir='ltr'><strong>Tuus</strong></span> <span class='ocrx_word' id='word_1_195' title='bbox 1234 2641 1268 2702; x_wconf 86' lang='lat' dir='ltr'><strong>G.</strong></span> <span class='ocrx_word' id='word_1_196' title='bbox 1290 2641 1428 2702; x_wconf 87' lang='lat' dir='ltr'><strong>Sabinus.</strong></span> 
     </span>
    </p>
   </div>
   <div class='ocr_carea' id='block_1_4' title="bbox 279 2801 1520 2966">
    <p class='ocr_par' dir='ltr' id='par_1_4' title="bbox 279 2801 1520 2966">
     <span class='ocr_line' id='line_1_24' title="bbox 279 2801 1520 2880; baseline -0.002 -16"><span class='ocrx_word' id='word_1_197' title='bbox 279 2801 283 2806; x_wconf 51' lang='lat'>¹</span> <span class='ocrx_word' id='word_1_198' title='bbox 340 2817 513 2878; x_wconf 75' lang='lat' dir='ltr'><strong>sequuntur</strong></span> <span class='ocrx_word' id='word_1_199' title='bbox 536 2816 609 2865; x_wconf 81' lang='lat' dir='ltr'><strong>haec</strong></span> <span class='ocrx_word' id='word_1_200' title='bbox 638 2816 695 2866; x_wconf 78' lang='lat' dir='ltr'><strong>duo</strong></span> <span class='ocrx_word' id='word_1_201' title='bbox 722 2815 898 2880; x_wconf 72' lang='lat' dir='ltr'><strong>Epitaphia,</strong></span> <span class='ocrx_word' id='word_1_202' title='bbox 923 2825 1046 2879; x_wconf 77' lang='lat' dir='ltr'><strong>quoram</strong></span> <span class='ocrx_word' id='word_1_203' title='bbox 1071 2817 1102 2865; x_wconf 80' lang='lat' dir='ltr'><strong>e&#39;n</strong></span> <span class='ocrx_word' id='word_1_204' title='bbox 1126 2813 1321 2880; x_wconf 75' lang='lat' dir='ltr'><strong>praecedenti</strong></span> <span class='ocrx_word' id='word_1_205' title='bbox 1339 2812 1455 2879; x_wconf 80' lang='lat' dir='ltr'><strong>epistota</strong></span> <span class='ocrx_word' id='word_1_206' title='bbox 1519 2823 1520 2862; x_wconf 84' lang='lat' dir='ltr'><strong>t</strong></span> 
     </span>
     <span class='ocr_line' id='line_1_25' title="bbox 809 2899 1292 2966; baseline 0 -15"><span class='ocrx_word' id='word_1_207' title='bbox 809 2902 920 2953; x_wconf 78' lang='lat' dir='ltr'><strong>mentio</strong></span> <span class='ocrx_word' id='word_1_208' title='bbox 945 2899 998 2966; x_wconf 75' lang='lat' dir='ltr'><strong>m:</strong></span> <span class='ocrx_word' id='word_1_209' title='bbox 1287 2907 1292 2914; x_wconf 80' lang='lat'>&#39;</span> 
     </span>
    </p>
   </div>
   <div class='ocr_carea' id='block_1_5' title="bbox 457 3015 1335 3308">
    <p class='ocr_par' dir='ltr' id='par_1_5' title="bbox 457 3015 1335 3308">
     <span class='ocr_line' id='line_1_26' title="bbox 797 3015 1013 3093; baseline -0.023 -14"><span class='ocrx_word' id='word_1_210' title='bbox 797 3017 911 3093; x_wconf 86' lang='lat' dir='ltr'><strong>Philip.</strong></span> <span class='ocrx_word' id='word_1_211' title='bbox 936 3015 1013 3076; x_wconf 82' lang='lat' dir='ltr'><strong>hiel:</strong></span> 
     </span>
     <span class='ocr_line' id='line_1_27' title="bbox 457 3133 1335 3212; baseline -0.002 -16"><span class='ocrx_word' id='word_1_212' title='bbox 457 3137 557 3198; x_wconf 85' lang='lat' dir='ltr'><strong>Unica</strong></span> <span class='ocrx_word' id='word_1_213' title='bbox 580 3137 697 3200; x_wconf 81' lang='lat' dir='ltr'><strong>Christi</strong></span> <span class='ocrx_word' id='word_1_214' title='bbox 721 3137 806 3199; x_wconf 88' lang='lat' dir='ltr'><strong>salus</strong></span> <span class='ocrx_word' id='word_1_215' title='bbox 830 3135 1009 3205; x_wconf 89' lang='lat' dir='ltr'><strong>homiuum,</strong></span> <span class='ocrx_word' id='word_1_216' title='bbox 1034 3137 1088 3212; x_wconf 82' lang='lat' dir='ltr'><strong>qui</strong></span> <span class='ocrx_word' id='word_1_217' title='bbox 1112 3133 1218 3195; x_wconf 92' lang='lat' dir='ltr'><strong>tristia</strong></span> <span class='ocrx_word' id='word_1_218' title='bbox 1243 3135 1335 3196; x_wconf 88' lang='lat' dir='ltr'><strong>uobis</strong></span> 
     </span>
     <span class='ocr_line' id='line_1_28' title="bbox 498 3238 1142 3308; baseline -0.003 -8"><span class='ocrx_word' id='word_1_219' title='bbox 498 3239 609 3303; x_wconf 88' lang='lat' dir='ltr'><strong>Mortis</strong></span> <span class='ocrx_word' id='word_1_220' title='bbox 632 3239 783 3302; x_wconf 87' lang='lat' dir='ltr'><strong>ademisti</strong></span> <span class='ocrx_word' id='word_1_221' title='bbox 807 3238 933 3300; x_wconf 88' lang='lat' dir='ltr'><strong>vincula</strong></span> <span class='ocrx_word' id='word_1_222' title='bbox 956 3247 1056 3299; x_wconf 89' lang='lat' dir='ltr'><strong>morte</strong></span> <span class='ocrx_word' id='word_1_223' title='bbox 1078 3245 1142 3308; x_wconf 88' lang='lat' dir='ltr'><strong>tua,</strong></span> 
     </span>
    </p>
   </div>
   <div class='ocr_carea' id='block_1_6' title="bbox 459 3337 1255 3526">
    <p class='ocr_par' dir='ltr' id='par_1_6' title="bbox 459 3337 1255 3526">
     <span class='ocr_line' id='line_1_29' title="bbox 459 3337 1255 3416; baseline -0.006 -14"><span class='ocrx_word' id='word_1_224' title='bbox 459 3345 538 3405; x_wconf 91' lang='lat' dir='ltr'><strong>Ossa</strong></span> <span class='ocrx_word' id='word_1_225' title='bbox 560 3343 625 3404; x_wconf 91' lang='lat' dir='ltr'><strong>mei</strong></span> <span class='ocrx_word' id='word_1_226' title='bbox 649 3349 757 3404; x_wconf 88' lang='lat' dir='ltr'><strong>custos</strong></span> <span class='ocrx_word' id='word_1_227' title='bbox 780 3343 980 3416; x_wconf 81' lang='lat' dir='ltr'><strong>animamque</strong></span> <span class='ocrx_word' id='word_1_228' title='bbox 998 3349 1092 3402; x_wconf 89' lang='lat' dir='ltr'><strong>tuere</strong></span> <span class='ocrx_word' id='word_1_229' title='bbox 1115 3337 1255 3416; x_wconf 88' lang='lat' dir='ltr'><strong>nepotis,</strong></span> 
     </span>
     <span class='ocr_line' id='line_1_30' title="bbox 501 3441 1218 3526; baseline -0.01 -18"><span class='ocrx_word' id='word_1_230' title='bbox 501 3445 560 3508; x_wconf 84' lang='lat' dir='ltr'><strong>Hic</strong></span> <span class='ocrx_word' id='word_1_231' title='bbox 582 3449 703 3526; x_wconf 81' lang='lat' dir='ltr'><strong>tegitur</strong></span> <span class='ocrx_word' id='word_1_232' title='bbox 726 3445 817 3508; x_wconf 89' lang='lat' dir='ltr'><strong>cuius</strong></span> <span class='ocrx_word' id='word_1_233' title='bbox 841 3451 933 3522; x_wconf 87' lang='lat' dir='ltr'><strong>putre</strong></span> <span class='ocrx_word' id='word_1_234' title='bbox 957 3445 1092 3504; x_wconf 86' lang='lat' dir='ltr'><strong>cadaver</strong></span> <span class='ocrx_word' id='word_1_235' title='bbox 1115 3441 1218 3503; x_wconf 90' lang='lat' dir='ltr'><strong>humo.</strong></span> 
     </span>
    </p>
   </div>
   <div class='ocr_carea' id='block_1_7' title="bbox 836 3581 968 3644">
    <p class='ocr_par' dir='ltr' id='par_1_7' title="bbox 836 3581 968 3644">
     <span class='ocr_line' id='line_1_31' title="bbox 836 3581 968 3644; baseline -0.023 0"><span class='ocrx_word' id='word_1_236' title='bbox 836 3583 870 3644; x_wconf 88' lang='lat' dir='ltr'><strong>G.</strong></span> <span class='ocrx_word' id='word_1_237' title='bbox 891 3581 968 3644; x_wconf 87' lang='lat' dir='ltr'><strong>sat:</strong></span> 
     </span>
    </p>
   </div>
   <div class='ocr_carea' id='block_1_8' title="bbox 442 3699 1344 4502">
    <p class='ocr_par' dir='ltr' id='par_1_8' title="bbox 442 3699 1344 4502">
     <span class='ocr_line' id='line_1_32' title="bbox 442 3699 1177 3784; baseline -0.012 -15"><span class='ocrx_word' id='word_1_238' title='bbox 442 3709 584 3769; x_wconf 66' lang='lat' dir='ltr'><strong>‘eilberti</strong></span> <span class='ocrx_word' id='word_1_239' title='bbox 608 3706 716 3784; x_wconf 81' lang='lat' dir='ltr'><strong>gelida</strong></span> <span class='ocrx_word' id='word_1_240' title='bbox 740 3703 919 3782; x_wconf 88' lang='lat' dir='ltr'><strong>consumpti</strong></span> <span class='ocrx_word' id='word_1_241' title='bbox 941 3708 1043 3764; x_wconf 87' lang='lat' dir='ltr'><strong>morte</strong></span> <span class='ocrx_word' id='word_1_242' title='bbox 1067 3699 1177 3762; x_wconf 86' lang='lat' dir='ltr'><strong>Sabini</strong></span> 
     </span>
     <span class='ocr_line' id='line_1_33' title="bbox 501 3801 1240 3884; baseline -0.016 -12"><span class='ocrx_word' id='word_1_243' title='bbox 501 3809 610 3872; x_wconf 81' lang='lat' dir='ltr'><strong>Filioii</strong></span> <span class='ocrx_word' id='word_1_244' title='bbox 634 3817 706 3872; x_wconf 88' lang='lat' dir='ltr'><strong>sunt</strong></span> <span class='ocrx_word' id='word_1_245' title='bbox 729 3809 782 3870; x_wconf 90' lang='lat' dir='ltr'><strong>hic</strong></span> <span class='ocrx_word' id='word_1_246' title='bbox 804 3826 879 3871; x_wconf 91' lang='lat' dir='ltr'><strong>ossa</strong></span> <span class='ocrx_word' id='word_1_247' title='bbox 902 3807 1027 3884; x_wconf 88' lang='lat' dir='ltr'><strong>sepulta</strong></span> <span class='ocrx_word' id='word_1_248' title='bbox 1051 3802 1125 3873; x_wconf 88' lang='lat' dir='ltr'><strong>mei,</strong></span> <span class='ocrx_word' id='word_1_249' title='bbox 1238 3801 1240 3804; x_wconf 81' lang='grc'><strong>’</strong></span> 
     </span>
     <span class='ocr_line' id='line_1_34' title="bbox 459 3905 1344 3991; baseline -0.012 -15"><span class='ocrx_word' id='word_1_250' title='bbox 459 3917 506 3976; x_wconf 85' lang='lat' dir='ltr'><strong>Dc</strong></span> <span class='ocrx_word' id='word_1_251' title='bbox 530 3932 593 3990; x_wconf 86' lang='lat' dir='ltr'><strong>quo</strong></span> <span class='ocrx_word' id='word_1_252' title='bbox 616 3931 728 3991; x_wconf 86' lang='lat' dir='ltr'><strong>magna</strong></span> <span class='ocrx_word' id='word_1_253' title='bbox 752 3912 881 3988; x_wconf 87' lang='lat' dir='ltr'><strong>quidem</strong></span> <span class='ocrx_word' id='word_1_254' title='bbox 904 3910 962 3972; x_wconf 89' lang='lat' dir='ltr'><strong>sed</strong></span> <span class='ocrx_word' id='word_1_255' title='bbox 987 3909 1090 3970; x_wconf 85' lang='lat' dir='ltr'><strong>inanis</strong></span> <span class='ocrx_word' id='word_1_256' title='bbox 1113 3908 1197 3970; x_wconf 84' lang='lat' dir='ltr'><strong>tacta</strong></span> <span class='ocrx_word' id='word_1_257' title='bbox 1221 3905 1344 3984; x_wconf 80' lang='lat' dir='ltr'><strong>parenti</strong></span> 
     </span>
     <span class='ocr_line' id='line_1_35' title="bbox 501 4009 1299 4094; baseline -0.014 -16"><span class='ocrx_word' id='word_1_258' title='bbox 501 4015 581 4094; x_wconf 83' lang='lat' dir='ltr'><strong>Spes</strong></span> <span class='ocrx_word' id='word_1_259' title='bbox 606 4015 702 4086; x_wconf 89' lang='lat' dir='ltr'><strong>mihi,</strong></span> <span class='ocrx_word' id='word_1_260' title='bbox 726 4012 864 4076; x_wconf 89' lang='lat' dir='ltr'><strong>detraxit</strong></span> <span class='ocrx_word' id='word_1_261' title='bbox 887 4029 980 4088; x_wconf 89' lang='lat' dir='ltr'><strong>quam</strong></span> <span class='ocrx_word' id='word_1_262' title='bbox 1004 4011 1070 4072; x_wconf 83' lang='lat' dir='ltr'><strong>iera</strong></span> <span class='ocrx_word' id='word_1_263' title='bbox 1094 4027 1207 4088; x_wconf 90' lang='lat' dir='ltr'><strong>parca,</strong></span> <span class='ocrx_word' id='word_1_264' title='bbox 1231 4009 1299 4068; x_wconf 82' lang='lat' dir='ltr'><strong>fuit.</strong></span> 
     </span>
     <span class='ocr_line' id='line_1_36' title="bbox 463 4111 1259 4197; baseline -0.014 -15"><span class='ocrx_word' id='word_1_265' title='bbox 463 4123 603 4197; x_wconf 83' lang='lat' dir='ltr'><strong>Corpore</strong></span> <span class='ocrx_word' id='word_1_266' title='bbox 628 4123 792 4187; x_wconf 86' lang='lat' dir='ltr'><strong>robustus,</strong></span> <span class='ocrx_word' id='word_1_267' title='bbox 816 4118 937 4178; x_wconf 82' lang='lat' dir='ltr'><strong>terteris</strong></span> <span class='ocrx_word' id='word_1_268' title='bbox 959 4111 1133 4176; x_wconf 88' lang='lat' dir='ltr'><strong>animosior</strong></span> <span class='ocrx_word' id='word_1_269' title='bbox 1156 4112 1259 4180; x_wconf 87' lang='lat' dir='ltr'><strong>aunis,</strong></span> 
     </span>
     <span class='ocr_line' id='line_1_37' title="bbox 502 4223 1201 4302; baseline -0.014 -18"><span class='ocrx_word' id='word_1_270' title='bbox 502 4223 632 4301; x_wconf 82' lang='lat' dir='ltr'><strong>iugenio</strong></span> <span class='ocrx_word' id='word_1_271' title='bbox 659 4229 839 4302; x_wconf 82' lang='lat' dir='ltr'><strong>praestans,</strong></span> <span class='ocrx_word' id='word_1_272' title='bbox 869 4235 924 4280; x_wconf 89' lang='lat' dir='ltr'><strong>ore</strong></span> <span class='ocrx_word' id='word_1_273' title='bbox 949 4223 1101 4281; x_wconf 85' lang='lat' dir='ltr'><strong>venustus</strong></span> <span class='ocrx_word' id='word_1_274' title='bbox 1125 4223 1201 4276; x_wconf 84' lang='lat' dir='ltr'><strong>erat.</strong></span> 
     </span>
     <span class='ocr_line' id='line_1_38' title="bbox 463 4319 1169 4401; baseline -0.011 -15"><span class='ocrx_word' id='word_1_275' title='bbox 463 4326 584 4390; x_wconf 88' lang='lat' dir='ltr'><strong>iudicat</strong></span> <span class='ocrx_word' id='word_1_276' title='bbox 606 4327 717 4388; x_wconf 82' lang='lat' dir='ltr'><strong>infelix</strong></span> <span class='ocrx_word' id='word_1_277' title='bbox 742 4323 871 4401; x_wconf 89' lang='lat' dir='ltr'><strong>operosi</strong></span> <span class='ocrx_word' id='word_1_278' title='bbox 896 4339 970 4384; x_wconf 86' lang='lat' dir='ltr'><strong>cura</strong></span> <span class='ocrx_word' id='word_1_279' title='bbox 993 4319 1169 4399; x_wconf 84' lang='lat' dir='ltr'><strong>sepulchri,</strong></span> 
     </span>
     <span class='ocr_line' id='line_1_39' title="bbox 507 4420 1296 4502; baseline -0.014 -12"><span class='ocrx_word' id='word_1_280' title='bbox 507 4430 628 4502; x_wconf 74' lang='lat' dir='ltr'><strong>Quanta</strong></span> <span class='ocrx_word' id='word_1_281' title='bbox 651 4427 729 4489; x_wconf 91' lang='lat' dir='ltr'><strong>mihi</strong></span> <span class='ocrx_word' id='word_1_282' title='bbox 750 4429 867 4489; x_wconf 84' lang='lat' dir='ltr'><strong>misero</strong></span> <span class='ocrx_word' id='word_1_283' title='bbox 892 4441 968 4501; x_wconf 87' lang='lat' dir='ltr'><strong>spes</strong></span> <span class='ocrx_word' id='word_1_284' title='bbox 991 4422 1034 4482; x_wconf 87' lang='lat' dir='ltr'><strong>sit</strong></span> <span class='ocrx_word' id='word_1_285' title='bbox 1057 4422 1180 4483; x_wconf 89' lang='lat' dir='ltr'><strong>ademta</strong></span> <span class='ocrx_word' id='word_1_286' title='bbox 1207 4420 1296 4498; x_wconf 89' lang='lat' dir='ltr'><strong>patri.</strong></span> 
     </span>
    </p>
   </div>
   <div class='ocr_carea' id='block_1_9' title="bbox 805 4575 1008 4598">
    <p class='ocr_par' dir='ltr' id='par_1_9' title="bbox 805 4575 1008 4598">
     <span class='ocr_line' id='line_1_40' title="bbox 805 4575 1008 4598; baseline -0.01 0"><span class='ocrx_word' id='word_1_287' title='bbox 805 4575 1008 4598; x_wconf 55' lang='lat' dir='ltr'><em>m</em></span> 
     </span>
    </p>
   </div>
   <div class='ocr_carea' id='block_1_10' title="bbox 0 0 1550 5206">
    <p class='ocr_par' dir='ltr' id='par_1_10' title="bbox 0 0 1550 5206">
     <span class='ocr_line' id='line_1_41' title="bbox 0 0 1550 5206; baseline 0 0"><span class='ocrx_word' id='word_1_288' title='bbox 0 0 1550 5206; x_wconf 95' lang='lat' dir='ltr'><strong> </strong></span> 
     </span>
    </p>
   </div>
  </div>
 </body>
</html>
