3084 5208
978 168 984 196 l

210 309 274 382 tle
609 327 862 388 aunrnsuanrn,
877 329 959 380 num
980 329 1055 383 raso.

212 487 275 547 Nos
310 491 408 550 multa
437 489 598 558 videmus,
635 486 796 555 audimus,
833 487 1055 564 cognoscimus
1086 496 1119 548 et
1151 489 1333 566 experimur
1371 505 1449 564 qnae

213 590 370 660 elficinnt,
393 598 428 650 nt
450 605 632 660 vereamur,
657 601 697 648 ne
720 589 852 648 boniet
875 589 968 663 probi
992 596 1170 652 exterarum
1196 591 1360 652 nationum
1379 590 1449 660 viri,

213 709 343 767 quorum
367 692 520 768 aequitas·
545 693 637 753 nobis
666 689 839 751 utilissima
870 705 943 750 esse
968 698 1108 768 poterat,
1143 694 1244 771 magis
1268 698 1449 769 suspectam

213 795 350 856 habeant
384 796 443 856 bac
473 796 505 856 in
537 811 570 855 re
607 799 748 854 nostram
785 793 1032 870 negligentiam,
1068 811 1159 871 quam
1195 797 1326 874 culpent
1364 811 1449 872 prae·

212 905 373 976 posteram
404 905 435 959 et
465 905 507 958 ιιι·
529 899 636 960 dicare
666 899 771 958 solent
800 895 873 956 sine
909 895 1063 958 maiorum
1097 899 1268 960 autoritate
1298 905 1449 961 tentatam

212 999 449 1062 innovationem
462 999 495 1084 ¹).
541 1000 621 1072 Quin
646 1000 742 1060 etiarn
765 998 958 1070 adversarii,
994 1000 1147 1075 quanrvis.
1162 1017 1268 1061 coram
1293 1000 1451 1061 altissime

212 1105 431 1174 dissimulant,
462 1104 557 1166 veriti
580 1119 619 1163 ne
643 1119 703 1164 nos
726 1103 765 1163 ad
789 1110 874 1163 recta
897 1103 1090 1180 pergendum
1119 1103 1221 1186 (quod
1243 1104 1378 1165 minime
1399 1108 1450 1164 vo-

212 1205 295 1290 lunt)
325 1208 466 1270 excitent
496 1207 528 1266 in
552 1207 687 1284 Angulis
721 1213 824 1266 tamen
854 1213 886 1268 et
909 1207 1018 1268 lustris
1046 1207 1115 1267 suis
1145 1208 1206 1268 boc
1233 1215 1449 1285 argumentum

212 1309 462 1372 virulentissime
486 1317 594 1380 contra
617 1327 676 1371 nos
699 1311 837 1388 agitant3
863 1317 1042 1372 astantum
1065 1327 1123 1371 nos
1147 1311 1311 1372 incessere
1331 1316 1365 1371 et
1379 1311 1449 1371 abo·

211 1416 279 1475 lere
303 1415 521 1485 criminantes,
552 1429 634 1489 qnae
666 1414 809 1474 ordinem
832 1415 1092 1476 Ecclesiasticum
1116 1415 1190 1475 odio
1213 1423 1366 1492 gravent,
1399 1431 1450 1490 po-

215 1519 320 1594 pulum
338 1518 460 1578 carnali
483 1518 622 1578 libertati
644 1517 818 1588 deliniant,
848 1524 881 1578 et
904 1517 1104 1594 principibus
1128 1517 1211 1580 viam
1235 1519 1274 1578 ad
1298 1518 1449 1595 diripien-

212 1622 284 1681 dum
308 1621 391 1680 bona
413 1619 641 1682 Ecclesiastica
672 1621 828 1690 muniant,
861 1637 958 1697 porro
988 1635 1029 1681 ea
1059 1637 1141 1696 quae
1164 1621 1298 1698 propius
1323 1623 1365 1682 ad
1389 1637 1450 1680 rem

213 1729 376 1799 spectent,
417 1737 565 1798 quaeque
599 1705 747 1798 inprimis
783 1723 980 1785 restituenda
1015 1729 1047 1783 et
1083 1723 1449 1792 ernendandaiucrant,

213 1825 289 1901 quia
318 1825 410 1886 nobis
441 1826 602 1888 laboriosa
625 1833 657 1886 et
681 1825 879 1902 principibus
903 1827 1019 1902 quibus
1050 1826 1213 1886 adulemur
1237 1829 1449 1901 et'abseqna-

211 1947 294 1999 mur,
317 1929 441 2005 ingrata
462 1929 567 1989 latura
590 1931 671 1999 sint,
694 1929 890 1990 dissimulari
913 1937 945 1989 et
970 1929 1144 1989 obliterari.
1179 1929 1264 1988 llaec
1283 1927 1449 1990 calumnia

212 2033 287 2106 qnia
316 2029 467 2106 speciosa
496 2037 562 2100 est,
594 2038 626 2094 et
657 2032 740 2108 apud
768 2038 947 2092 exterarum
977 2031 1138 2091 nationum
1166 2029 1271 2108 Reges
1303 2039 1337 2090 et
1369 2030 1448 2107 prin·
1532 2103 1533 2120 χ

212 2134 302 2208 cipes
324 2131 418 2193 valde
446 2151 504 2192 nos
533 2141 659 2209 gravat,
689 2135 791 2208 primo
823 2149 952 2210 quoque
981 2141 1127 2210 ternpore
1156 2133 1315 2210 amputari
1344 2134 1447 2200 debet,
1532 2127 1533 2156 ³

210 2235 400 2311 praesertim
423 2253 493 2296 cum
517 2235 692 2312 periculum
716 2237 776 2308 sit,
807 2244 844 2297 ut
866 2238 1032 2298 Ecclesiae
1062 2233 1191 2298 nostrae
1215 2239 1247 2299 in
1269 2239 1332 2298 bac
1355 2235 1447 2296 disci-

211 2338 320 2416 plinae
339 2339 558 2400 dissolutione
580 2347 750 2416 corruptae
772 2341 812 2401 ad
831 2341 1048 2416 recipiendam
1074 2341 1151 2427 olim
1174 2338 1380 2416 disciplinam
1403 2339 1446 2398 fu-

211 2450 302 2504 turae
324 2441 388 2500 sint
411 2443 505 2517 plane
528 2442 753 2504 intractabiles.
800 2441 865 2502 Nec
886 2441 952 2503 ulla
976 2443 1156 2519 pacificatio
1180 2449 1243 2504 tam
1264 2444 1361 2514 bona,
1384 2443 1446 2502 foe-

210 2546 256 2606 lix
279 2562 315 2605 ac
337 2546 440 2606 lausta
463 2546 567 2606 lutrvra
590 2547 651 2616 sit,
676 2546 708 2606 in
732 2561 794 2621 qua
816 2563 877 2606 non
902 2544 1157 2606 adversariorum
1180 2547 1371 2624 improbitas
1394 2543 1446 2604 ali-

211 2649 287 2725 quid
309 2651 459 2710 abrasum
483 2650 540 2718 sit,
564 2649 604 2708 de
628 2648 670 2708 iis
694 2665 777 2724 quae
799 2667 819 2709 a
842 2650 934 2710 nobis
951 2651 1041 2709 bene
1063 2651 1238 2710 constituta
1260 2659 1352 2721 sunt,
1383 2656 1446 2708 tan-

210 2759 276 2812 tum
298 2751 405 2821 abest,
430 2758 464 2811 nt
488 2767 569 2826 quae
593 2769 651 2812 nos
669 2751 907 2828 neglexerimus
927 2753 992 2826 ipsi
1008 2753 1071 2812 sint
1083 2749 1108 2830 1)
1123 2753 1332 2822 emendaturi,
1358 2753 1448 2812 Certe

210 2855 343 2914 meliore
368 2853 565 2914 conscientia
589 2867 798 2923 moreremur,
827 2856 866 2914 ab
889 2853 1082 2915 adversariis
1105 2856 1252 2925 mactati,
1287 2852 1317 2914 si
1341 2851 1447 2914 Eccle-

211 2954 276 3016 sias
296 2962 383 3015 recte
405 2963 501 3030 atque
525 2956 637 3016 ordine
659 2955 848 3017 constitutas
878 2964 951 3032 post
979 2973 1038 3018 nos
1061 2954 1333 3033 relinqueremus,
1368 2951 1448 3031 quod

210 3059 360 3119 silatum
389 3059 519 3134 aliquod
549 3076 607 3119 nos
638 3060 940 3136 praeoccupaverit,
971 3077 1033 3120 non
1065 3061 1217 3132 deerunt,
1248 3058 1303 3136 qni
1330 3075 1395 3119 nos
1416 3061 1447 3116 ut
1531 3109 1532 3120 ,

210 3160 353 3221 Medicos
375 3162 543 3237 Imperitos
567 3162 767 3238 vituperent,
803 3161 888 3237 qued
919 3164 1049 3222 vulnera
1078 3163 1245 3224 Ecclesiae
1273 3163 1311 3221 ab
1342 3161 1447 3221 imma·

210 3265 352 3325 nissimis
383 3265 459 3324 laris
489 3264 679 3325 dilaceratae
708 3265 960 3334 refricuerimus,
993 3271 1025 3325 et
1048 3266 1191 3326 dolorem
1222 3265 1292 3325 eius
1316 3279 1446 3325 renova-

210 3367 366 3439 verimns,
397 3385 466 3428 cum
495 3367 649 3429 medelam
677 3375 784 3429 tamen
815 3369 926 3455 utilem
949 3375 981 3428 et
1005 3369 1168 3430 efficacem
1200 3367 1366 3429 adbibere
1388 3381 1446 3428 non

88 3541 101 3558 ‚
149 3479 151 3485 '
210 3471 416 3547 potuerimus.
461 3469 547 3530 llaec
571 3489 632 3530 non
656 3471 822 3532 scribimus
846 3471 877 3530 in
902 3473 981 3540 boc,
1004 3479 1039 3531 ut
1064 3489 1120 3532 vos
1143 3479 1290 3546 tanquam
1316 3471 1445 3534 desides

210 3573 450 3643 admoneamus,
482 3591 562 3648 quos
593 3574 711 3635 scimus
741 3575 773 3632 in
791 3589 893 3634 ¹causa
915 3573 1053 3650 pietatis·
1075 3590 1150 3634 esse
1180 3574 1445 3642 ferventissimos,

210 3677 267 3735 sed
290 3683 325 3736 ut
346 3675 492 3735 affectum
522 3676 628 3737 cordis
658 3677 760 3736 nostri
790 3683 822 3735 et
850 3678 951 3738 zelum
983 3678 1093 3739 domus
1116 3679 1195 3748 Dei,
1225 3681 1280 3754 qui
1303 3697 1367 3740 nos
1385 3675 1445 3739 urit

209 3780 337 3839 levandi
367 3797 463 3840 causa
493 3781 524 3839 in
553 3780 657 3840 sinum
687 3778 922 3842 carissimorum
960 3780 1283 3856 fidelissimorumque
1318 3783 1444 3843 fratrum

210 3882 421 3952 effundamus,
451 3883 488 3942 Et
513 3901 570 3943 vos
594 3884 625 3942 in
651 3884 711 3943 boc
734 3885 866 3961 negotio
890 3883 1089 3945 conficiendo
1113 3901 1175 3946 non
1200 3893 1317 3946 tantum
1341 3889 1444 3946 vestm
1530 3919 1531 3924 κ

208 3984 379 4046 autoritate
402 4002 439 4046 ac
463 3987 579 4045 vestris
601 3986 697 4046 armis
722 3987 889 4064 pugnetis,
913 4003 1023 4049 verum
1044 3989 1141 4050 etiam
1157 3989 1291 4050 aliorum
1306 3977 1443 4066 suspiria
1530 3985 1531 4014 l

209 4093 242 4146 et
264 4088 433 4148 lachrimas
457 4103 497 4148 ex
521 4087 642 4150 intimis
666 4105 763 4150 verae
795 4097 829 4151 et
859 4091 1006 4152 sincerae
1035 4099 1070 4152 ut
1101 4092 1294 4152 confidimus*
1311 4087 1442 4168 pietatis

294 4275 322 4333 ll
346 4276 562 4344 innovationem]
589 4279 629 4332 sic
653 4295 703 4346 pro
727 4282 963 4348 remorationem,
993 4297 1073 4346 quam
1104 4299 1198 4334 vocem
1228 4280 1322 4335 Codex
1353 4281 1441 4338 babet

207 4361 353 4428 legendum
373 4378 447 4427 ease,
472 4379 525 4416 non
549 4365 635 4416 solum
657 4382 691 4418 ex
709 4367 770 4433 ipso
790 4374 919 4420 contextu
944 4369 1124 4434 intelligitur,
1148 4369 1199 4422 aed
1218 4369 1300 4420 etiam
1318 4368 1441 4429 versione

207 4448 363 4513 germanica
389 4449 416 4498 in
436 4449 640 4518 Prolcgomenis
666 4460 815 4504 memorata
839 4455 985 4520 probatur,
1011 4455 1038 4503 in
1066 4471 1118 4520 qua
1137 4456 1182 4506 bic
1200 4454 1275 4506 locus
1295 4454 1335 4505 sic
1356 4460 1440 4505 trans-

207 4534 279 4585 latus
300 4540 355 4585 est:
376 4535 467 4599 „denn
482 4537 546 4589 dass
566 4545 649 4590 etwas
663 4539 810 4590 bissanhcr
831 4556 881 4591 ane
895 4542 943 4592 das
963 4541 1047 4607 bapst
1061 4541 1149 4592 willan
1167 4542 1357 4593 voreudert
1377 4532 1439 4592 isl.“

292 4619 321 4684 2)
348 4621 415 4690 sint]
435 4620 549 4676 in'eod.
568 4625 651 4676 male:
682 4633 745 4677 sunl
