3116 5212
624 371 807 429 anundum.

207 579 210 584 Ι
257 623 396 697 Mutia
424 626 575 696 Florius
602 623 778 718 Illyricos
805 622 856 694 ad
878 620 1220 695 Metaactrlwoom

159 804 220 858 Iam
239 822 320 875 supro
339 823 367 874 p.
380 808 440 862 399.
460 825 504 861 no.
519 809 580 858 412.
610 806 690 857 huius
710 807 846 874 epistolae
864 808 1005 872 hucusque
1030 805 1149 858 ineditae
1180 806 1343 858 mentionem

205 893 260 946 ieci
280 901 359 958 atque
378 911 456 963 spem
475 894 590 959 concepi
622 908 679 944 eam
703 894 730 944 in
749 894 801 946 hac
821 895 969 964 appendice
989 895 1104 962 primurn
1125 893 1233 944 edendi.
1269 891 1342 943 Haec

201 993 266 1044 spes
285 994 327 1029 me
344 995 396 1030 aon
417 976 522 1046 fefellit,
540 995 602 1030 nam
621 978 748 1030 nonna
766 979 810 1034 Dr.
830 997 846 1031 a
864 981 1041 1042 Heinemann‚
1056 978 1244 1030 Bibliothecae
1264 977 1343 1028 Guel'

202 1065 359 1134 ierbptanae
377 1065 542 1128 Praefectus,
560 1067 676 1132 benigue
695 1067 761 1118 mihi
780 1067 960 1120 commodavit
984 1067 1064 1118 huius
1082 1065 1269 1121 Bibliothecae
1287 1067 1344 1118 ua·

203 1150 270 1202 calis
289 1151 414 1204 (lodicem
434 1151 489 1206 MS.
518 1153 619 1206 lormae
638 1154 773 1206 maximae
805 1151 905 1220 (signa
924 1153 1073 1220 Extravag.
1094 1153 1143 1225 lio.
1161 1153 1204 1206 64.
1226 1149 1278 1218 ll.)
1298 1152 1344 1216 qui

204 1233 252 1288 tot.
273 1241 433 1294 latu-136·
461 1241 639 1308 apographon
664 1241 743 1292 huius
764 1241 895 1309 epistolae
911 1241 1054 1291 Flaciauae
1073 1240 1209 1304 continet,
1240 1254 1273 1290 ex
1292 1253 1344 1302 qno

203 1339 260 1374 eam
280 1325 340 1392 ipse
359 1323 503 1394 descripsi.

99 1525 256 1608 Epistola
288 1526 460 1595 Matthiae
488 1531 603 1598 Flucr'i
630 1531 771 1617 Illyrici
803 1533 850 1594 ad
870 1531 1067 1617 Philippum
1095 1497 1343 1598 Melanrtonem
1413 1613 1417 1622 ἱ

191 1637 293 1734 missa
307 1633 330 1716 ¹)
353 1633 382 1701 l.
405 1633 590 1719 Septembr.
613 1631 706 1704 1556.
728 1659 791 1720 per
814 1636 982 1718 qualidum
1004 1631 1244 1700 scholasticum.
1340 1631 1343 1640 ’

184 1824 217 1888 S.
265 1825 425 1904 Cogitanti
448 1824 529 1890 atini
550 1827 591 1888 de
609 1825 859 1904 impedimentis,
873 1844 938 1888 ‚cur
958 1825 1011 1888 isti
1034 1841 1160 1889 errores
1185 1825 1344 1888 ettristia

102 1925 238 1992 dissidia
270 1946 309 1992 ex
331 1929 478 1994 Ecclesia
499 1927 561 1990 Dei
594 1947 656 1992 non
678 1929 836 2000 tollantur,
871 1930 960 1990 uenit
995 1931 1105 1992 crabro
1141 1929 1172 1990 in
1195 1935 1345 1999 mantem,

101 2029 197 2094 etiam
225 2032 303 2096 illud
325 2050 387 2096 non
410 2033 570 2096 minimum
595 2050 679 2105 esse,
702 2033 786 2110 quod
809 2032 866 2094 isti
889 2033 1077 2108 praedulces
1101 2033 1196 2095 amici
1224 2032 1346 2108 malunt

102 2133 160 2209 tihi
183 2136 299 2200 suavia
321 2155 413 2214 quam
437 2136 589 2198 salutaria
612 2137 729 2199 dicere.
762 2136 871 2212 ltaque
894 2152 995 2213 saepe
1018 2133 1106 2198 volui
1131 2133 1205 2212 ipse
1225 2131 1344 2210 aliquid

103 2238 142 2300 de
165 2245 236 2302 toto
259 2242 390 2318 negotio
415 2242 572 2303 scribere:
597 2241 654 2310 sed
677 2253 805 2316 semper
829 2237 949 2302 veritus
972 2258 1051 2310 snm,
1087 2255 1128 2302 ne
1150 2253 1253 2302 meam
1275 2235 1344 2315 epi-

103 2343 216 2407 stolam
240 2362 304 2404 non
326 2345 440 2406 lectam
465 2345 632 2408 obiiceres.
677 2344 780 2416 Quare
802 2345 914 2420 putavi
947 2344 1049 2405 satius
1075 2353 1148 2406 esse
1184 2357 1240 2418 per
1258 2339 1346 2404 ¹alios¹

102 2444 141 2504 de
164 2463 248 2522 pace
270 2462 375 2524 ogere.
421 2447 511 2521 Quod
545 2449 647 2522 ipsum
678 2462 806 2522 quoque
838 2464 908 2508 cum
941 2462 993 2507 me
1025 2447 1087 2508 hoc
1109 2461 1191 2506 anno
1228 2445 1345 2508 frustra

102 2543 275 2620 tentasse,
295 2568 355 2610 non
394 2552 464 2612 sine
493 2551 583 2632 gravi
607 2551 719 2612 dolore
744 2557 898 2628 expertus
924 2566 1037 2622 essem,
1061 2550 1189 2610 tandem
1211 2547 1341 2608 decrevi

102 2654 233 2728 propria
255 2671 348 2716 manu
372 2657 522 2727 scribare,
558 2662 592 2717 ut
626 2657 695 2716 Deo
729 2662 760 2715 et
784 2653 1001 2717 conscientiae
1023 2669 1114 2714 meae
1137 2651 1344 2722 satisfaciam,

103 2755 174 2814 dum
209 2756 289 2817 nihil
325 2776 386 2818 non
422 2758 582 2834 experior,
622 2759 707 2834 quod
743 2773 870 2835 quoquo
902 2758 994 2820 modo
1034 2757 1074 2818 ad
1095 2772 1208 2834 pacem
1239 2755 1344 2816 iacere

104 2857 218 2933 possit.
919 2863 921 2870 ⁴
1057 2855 1059 2864 ’
1131 2869 1133 2874 ’

188 2986 235 3056 De
258 3013 328 3057 mea
351 2997 449 3076 igitur
464 3000 625 3060 voluntate
649 3014 686 3058 ac
709 2996 826 3066 studio,
850 2996 1027 3071 qualisnam
1051 3013 1091 3057 ea
1113 2997 1166 3068 sit,
1190 3013 1233 3060 ex
1253 2994 1345 3058 hisce

105 3093 309 3159 evidentibus
334 3097 800 3173 demonstrationibus'liquido
825 3103 966 3158 statuere
991 3103 1093 3174 potes.
1137 3097 1225 3172 Quod
1250 3097 1343 3161 initio
1436 3095 1439 3102 “

107 3197 253 3271 privatim
277 3208 419 3262 amanter
443 3220 547 3264 coram
583 3208 615 3260 et
645 3216 706 3278 per,
726 3199 808 3261 alios
832 3199 959 3259 solicite
984 3201 1113 3270 orendo,
1149 3185 1346 3262 obsecrando

106 3308 137 3361 et
159 3304 327 3374 monendo,
368 3311 467 3366 totum
491 3303 772 3381 adiaphorismum
795 3307 1008 3372 antevertere,
1043 3293 1101 3362 seu
1138 3317 1179 3362 ne
1216 3303 1343 3363 omnino

104 3403 187 3466 ullus
210 3408 381 3480 accideret,
398 3407 592 3486 praevenire
616 3405 716 3467 volui.

189 3545 280 3618 Quod
300 3544 398 3612 etiam
426 3545 555 3622 incepto
580 3544 752 3609 certamine
775 3543 1083 3620 pluressopiendae
1104 3543 1344 3606 controversiae

106 3649 173 3713 uias
196 3648 386 3721 tentarint
409 3667 466 3728 per
488 3650 685 3720 Wernerum,
721 3647 797 3710 item
821 3646 952 3722 scriptis
974 3647 1069 3739 adtte
1092 3648 1208 3718 literis,
1237 3653 1269 3708 et
1290 3646 1343 3706 de·

105 3749 199 3831 nique
224 3753 263 3815 ad
286 3751 498 3831 Academiam.
544 3753 634 3825 Quod
655 3751 697 3812 iis
720 3751 921 3828 temporibus
942 3751 1039 3826 coepi
1070 3750 1345 3818 resistere-Adia-

104 3851 260 3925 phoristis
284 3859 316 3917 et
338 3855 457 3918 norton
490 3871 600 3918 omnes
623 3855 663 3916 ad
686 3855 905 3924 constantiam,
942 3869 1004 3930 quo
1027 3872 1097 3917 non
1113 3870 1207 3931 opum
1229 3871 1270 3916 ac
1289 3851 1346 3913 tri-¹

104 3959 289 4034 uaplrorum
311 3974 398 4035 spes,
421 3961 476 4030 sad
497 3959 678 4023 certissimo
693 3956 838 4033 pericula
859 3956 1130 4035 ipsissimumq-ue
1144 3956 1278 4022 exitium
1298 3962 1345 4020 at-

106 4059 196 4131 tritis,
230 4063 403 4138 tractisque
440 4060 505 4122 iam
529 4061 666 4136 ,penitus
690 4058 906 4132 coufitentirnn
930 4059 1056 4136 opibus,
1091 4057 1170 4122 mihi
1204 4057 1346 4136 aliisque

106 4160 314 4240 huius-partis
337 4168 411 4226 ante
435 4166 547 4226 orulos
570 4165 828 4227 obversabantur.

108 4351 110 4360 ¹
116 4349 312 4369 Μ·-

194 4471 223 4541 1)
243 4473 387 4525 Recentior
406 4489 502 4524 manus
521 4473 584 4524 huic
603 4472 775 4539 inscriptioni
791 4473 828 4538 Vin
847 4471 913 4524 cod.
933 4470 1074 4522 adnotavit
1092 4471 1214 4526 haecce:
1244 4475 1272 4525 in
1291 4491 1343 4540 qua

108 4551 207 4608 desua
238 4565 333 4612 contra
356 4560 612 4627 Adiaplrorlstarum
643 4560 782 4626 inspecte
809 4547 1007 4610 Melanchton'is
1038 4558 1179 4624 opiniones
1208 4565 1344 4616 sententia

109 4642 230 4696 acerbius
250 4647 382 4715 disputat.
