3072 5208
230 345 298 421 280
625 370 869 433 surrentum
889 379 972 432 anm
991 379 1066 436 reso.
1099 430 1102 439 .

230 541 289 601 per
310 540 361 587 me
384 507 468 591 lecta
492 535 523 590 et
547 533 692 608 perlecta
715 541 795 594 sunt.
847 537 924 598 Tum
954 539 1086 599 allectus
1117 537 1276 616 gravitate
1307 539 1458 599 sermonis

231 635 263 687 et
285 633 467 694 maturitate
482 633 682 708 Latinitatis,
705 645 773 700 tum
796 641 892 700 etiam
919 643 994 717 quia
1018 639 1050 702 in
1076 642 1124 703 eis
1148 643 1257 703 divina
1279 649 1458 712 tractantur,

230 729 261 791 in
288 733 403 808 quibus
427 717 548 798 summe
571 739 719 801 delector.
764 743 803 802 Et
827 759 866 803 eo
894 743 1013 823 magis,
1038 745 1114 821 qnia
1137 752 1271 822 peropto
1295 747 1458 806 veritatem

229 833 399 913 Evangelii
421 840 595 918 attingere,
629 844 735 915 errius,
767 845 922 908 stantibus
954 854 1002 908 tot
1026 848 1304 910 contrarietatibus
1337 855 1367 907 et
1391 865 1459 908 con-

229 936 489 1011 tradictionibus,
515 941 632 1008 veritas
656 945 751 1006 facile
776 945 970 1026 denigratur.
1009 951 1048 1012 Et
1070 957 1104 1011 ut
1126 949 1223 1012 video
1247 947 1339 1033 (licet
1362 951 1460 1011 fatear

229 1053 279 1096 rne
304 1040 526 1128 insipientem)
560 1047 642 1108 inter
673 1047 871 1112 Christianos
899 1053 961 1114 duo
992 1055 1169 1115 subsistunt
1203 1071 1240 1116 ac
1269 1053 1381 1131 vigent
1411 1069 1459 1113 ex-

228 1147 343 1213 trema,
375 1148 491 1221 quibus
516 1157 623 1226 partes
646 1153 854 1217 adversantes
878 1157 1058 1220 adhaerent.
1109 1157 1148 1218 Et
1174 1159 1254 1219 illud
1278 1165 1424 1250 causatur
1444 1173 1460 1216 a

229 1240 392 1322 sapientia
422 1251 573 1323 humana,
605 1272 686 1329 quac
717 1259 801 1334 apud
824 1257 926 1321 Deum
957 1259 1094 1323 stultitia
1125 1270 1190 1336 est3
1224 1261 1348 1323 Puritas
1380 1261 1459 1320 enim

228 1347 398 1427 Evangelii
420 1355 481 1415 hoc
503 1374 565 1416 non
590 1361 791 1436 compatitur.
843 1363 939 1434 Quam
965 1365 1073 1441 plures
1098 1367 1213 1426 abusus
1243 1365 1276 1424 iu
1299 1366 1363 1425 tuis
1389 1362 1458 1425 scri·

231 1453 295 1525 ptis
318 1459 480 1528 taxantur,
506 1466 538 1520 et
563 1461 699 1522 maxime
723 1465 754 1524 iu
770 1465 918 1527 Danielis
936 1467 1086 1540 visione,
1111 1468 1167 1544 qui
1191 1468 1320 1530 sinere
1346 1469 1459 1527 abusus

228 1554 309 1625 sint,
347 1567 455 1620 assent
485 1563 682 1627 annihilandi
713 1575 744 1627 et
775 1567 917 1630 tollendi.
967 1569 1084 1632 Verum
1115 1591 1177 1633 non
1208 1571 1254 1632 ita
1277 1573 1309 1634 in
1334 1583 1459 1646 genere,

229 1657 286 1717 scd
310 1659 462 1724 distincte
487 1673 519 1725 et
543 1671 778 1741 particulariter
807 1674 959 1734 deberent
989 1675 1105 1736 adduci
1129 1682 1159 1736 et
1182 1674 1295 1737 taxari.
1348 1675 1383 1733 ln
1406 1672 1458 1733 ali-

230 1761 346 1833 quibus
376 1767 457 1828 locis
488 1769 520 1829 in
550 1769 634 1834 dicta
656 1774 802 1836 Danielis
828 1775 954 1838 visione
978 1779 1073 1838 video
1104 1781 1218 1840 acerbe
1242 1776 1457 1839 calumniatam

228 1863 359 1927 Missam
390 1877 539 1947 tanquam
570 1876 744 1949 ethnicam,
782 1880 865 1955 quod
898 1900 1018 1942 summe
1054 1883 1153 1943 afficit
1183 1891 1458 1952 mentemmenm

228 1983 297 2027 cnm
322 1969 374 2042 sit,
405 1976 480 2050 quid
503 1977 646 2041 divinum
670 1983 849 2043 lnstitntum
873 1992 905 2044 et
929 1983 1020 2064 srra¹l
1044 1995 1155 2047 natura
1179 1994 1209 2047 et
1234 1987 1389 2062 qualitate
1411 1989 1458 2046 bo-

229 2089 301 2130 num
326 2081 357 2133 et
380 2095 438 2152 per
461 2097 553 2154 quarn
575 2085 663 2144 Deus
687 2087 839 2147 laudatur.
893 2091 1054 2166 Leguntnr
1078 2091 1163 2151 enim
1185 2088 1275 2151 Pauli
1298 2089 1458 2167 Epistolac

231 2181 263 2234 et
285 2178 528 2254 Apostolorum,
564 2194 617 2246 aut
639 2187 833 2266 Prophetiae
847 2185 1085 2269 'Prophetarum
1109 2201 1142 2254 et
1164 2192 1361 2253 Testamenti
1385 2190 1456 2252 anti·
1528 2185 1529 2206 *

229 2277 284 2352 qni
307 2279 473 2358 lectionis,
505 2288 623 2374 legitur
645 2292 871 2370 Evangelium,
902 2297 1045 2356 succedit
1075 2295 1264 2356 demandata
1293 2312 1351 2373 per
1377 2296 1456 2356 Chri-

227 2387 310 2442 stum
333 2385 366 2446 in
388 2391 500 2452 ultima
523 2395 630 2456 Coena
654 2401 910 2462 commemoratio
934 2401 974 2460 dc
998 2403 1098 2461 Carne
1121 2408 1154 2461 et
1167 2399 1329 2478 Sanguine
1344 2397 1456 2461 Christi

228 2490 328 2548 nostri
353 2491 583 2572 Redemptoris.
636 2497 674 2558 Et
698 2499 729 2561 in
753 2501 866 2573 Missa,
898 2505 926 2564 si
950 2507 1048 2575 hene,
1072 2510 1159 2564 recte
1183 2510 1214 2563 et
1238 2503 1293 2578 pie
1319 2504 1455 2563 volumus

227 2590 449 2664 considerare,
472 2599 552 2658 nihil
578 2601 699 2661 ethnici
722 2607 887 2682 reperitur.
939 2605 977 2666 Et
1001 2624 1020 2666 a
1042 2608 1161 2667 sanctis
1184 2605 1329 2667 Patribus
1355 2601 1455 2682 primi-

225 2693 313 2754 tivae
341 2696 508 2761 Ecclesiae
538 2703 684 2766 instituta
713 2709 781 2768 fuit.
835 2709 909 2770 ideo
940 2711 1108 2770 dicendum
1139 2717 1187 2770 est
1218 2718 1250 2771 et
1282 2711 1354 2770 eius
1378 2711 1454 2769 cclc-

226 2797 401 2860 brationem
427 2819 500 2864 esse
524 2809 711 2872 laudandam
735 2814 847 2873 ctDeo
868 2821 988 2892 gratam
1012 2821 1042 2874 et
1067 2815 1258 2875 conformem
1274 2812 1453 2890 Evangelio,

227 2917 296 2960 cum
320 2905 351 2963 in
371 2904 470 2968 Missa
494 2911 685 2988 deprecatur
706 2917 801 2977 venia
825 2918 1013 2978 delictorum
1038 2925 1070 2977 et
1094 2919 1294 2996 confugiatur
1317 2915 1357 2978 ad
1373 2914 1452 2977 Chri-

226 3010 325 3076 stum,
350 3016 496 3086 tanquam
521 3016 746 3090 Mediatorem‚
770 3019 967 3082 Salvatorem
992 3031 1022 3082 et
1042 3023 1287 3102 Redemptorem
1310 3029 1453 3088 nostrum,
1527 3049 1528 3066 r

226 3125 282 3182 pro
301 3110 510 3188 ,impetranda
540 3125 572 3178 et
602 3122 774 3182 obtinenda
803 3133 1005 3200 peccatorum
1042 3133 1222 3188 nostrorum
1259 3125 1452 3187 remissione.

224 3209 261 3269 Et
286 3213 314 3272 si
339 3231 378 3274 ex
402 3217 536 3280 adverso
562 3230 710 3300 arguatur
726 3219 1067 3300 Missam‘tollendam,
1092 3231 1166 3304 qnia
1184 3230 1276 3309 multi
1294 3234 1454 3289 causantur

225 3321 257 3373 et
281 3321 472 3393 proveniunt
496 3325 613 3386 abusus
639 3335 669 3386 et
693 3332 790 3389 multa
813 3334 1046 3407 subsequuntur
1069 3333 1167 3402 mala,
1195 3332 1286 3403 dico,
1310 3333 1453 3391 etiamen

224 3417 399 3497 Evangelio
424 3425 513 3488 multi
537 3437 707 3491 causantur
734 3433 869 3505 abusus,
899 3436 982 3495 sicut
1006 3433 1452 3514 incantationes,sortilegia,

224 3523 383 3586 maleficia
407 3534 441 3596 et
462 3530 526 3590 alia
548 3549 645 3593 saeva
675 3542 706 3594 et
730 3538 872 3597 enormia
905 3545 1144 3616 perpetrantur,
1179 3543 1273 3616 prout
1303 3537 1452 3599 notorium

225 3628 275 3684 est
304 3628 458 3690 omuibus.
511 3633 577 3695 Nou
609 3643 713 3698 tamen
744 3648 876 3718 propter
907 3642 968 3702 hoc
1004 3641 1195 3703 abolendum
1226 3648 1258 3702 et
1287 3642 1452 3702 tollendum

227 3734 277 3788 est
306 3729 532 3809 Evangelium,
564 3739 622 3798 sed
652 3759 772 3802 summe
804 3745 1031 3806 extollendum.
1084 3747 1130 3806 lta
1159 3746 1199 3805 de
1228 3743 1327 3806 Missa
1355 3743 1451 3804 dicen-
1526 3771 1527 3792 1

223 3832 296 3892 dum
321 3844 386 3896 est:
410 3839 624 3903 Amoveantnr
646 3846 782 3916 abusus,
808 3853 839 3906 et
860 3847 958 3910 Missa
981 3856 1076 3926 prout
1099 3850 1159 3910 fuit.
1182 3852 1220 3909 ab
1244 3849 1383 3924 antiquis
1404 3846 1450 3905 Pa·

223 3937 322 3997 tribus
347 3940 492 4002 instituta
524 3945 703 4007 celebretur
732 3956 764 4009 et
795 3951 826 4010 in
850 3949 997 4013 Ecclesia
1020 3950 1150 4013 dicatur.
1204 3951 1286 4013 Dico
1311 3951 1390 4011 enim
1413 3943 1451 4024 (ni

222 4039 330 4125 fallor)
360 4047 392 4104 in
415 4044 530 4109 Politia
555 4050 735 4114 Christiana
766 4070 839 4116 csse
862 4055 1065 4117 necessarios
1094 4057 1221 4131 aliquos
1245 4055 1357 4123 Ritus,
1388 4052 1450 4112 sive

224 4146 318 4204 Actus
342 4148 540 4220 exteriores,
564 4153 617 4212 vel
641 4157 815 4218 secundum
839 4176 1036 4220 communem
1059 4177 1150 4221 usum
1173 4154 1344 4234 loquendi,
1373 4152 1449 4215 Ceri-

221 4251 362 4320 monias,
394 4271 455 4313 non
486 4263 520 4314 ut
544 4255 576 4315 in
601 4256 643 4318 iis
668 4259 762 4334 homo
788 4278 823 4320 se
847 4263 1000 4333 confidat,
1036 4264 1093 4324 sed
1121 4266 1156 4322 ut
1178 4259 1308 4322 facilius
1336 4257 1375 4320 ad
1396 4251 1449 4317 Dei

222 4354 272 4413 sui
297 4357 514 4434 cognitionem
538 4359 688 4422 deveniat
713 4369 743 4422 et
767 4366 890 4426 animus
914 4367 1071 4437 hominis,
1107 4366 1161 4441 qui
1192 4365 1342 4426 continue
1364 4363 1449 4436 nagal

223 4462 255 4514 et
279 4476 340 4517 non
365 4458 504 4534 quiescit
529 4464 590 4525 imo
615 4465 776 4527 instabilis
801 4484 859 4544 per
882 4469 957 4531 illos
975 4473 1072 4531 Actus
1095 4471 1274 4530 exteriores
1294 4467 1447 4529 inducatur
1525 4531 1526 4534 Ἴ

220 4557 260 4616 ad
288 4559 348 4618 Dei
390 4564 439 4622 sui
475 4566 766 4632 considerationem
798 4579 830 4631 ct
861 4573 1161 4650 contemplationem
1193 4578 1224 4630 et
1251 4567 1403 4631 beneficia
1432 4579 1447 4620 a
1525 4573 1526 4648 ξ

222 4642 428 4657 —u—-—-n-—.

310 4683 338 4750 l)
363 4683 425 4750 aua]
446 4685 475 4735 in
495 4689 656 4756 apographo
676 4689 792 4756 legitur:
812 4693 855 4744 sui
