3102 5202
231 275 297 349 rte
624 294 868 350 snrrcausura
895 297 979 350 anm
1006 301 1082 353 raro.

235 443 309 498 anto
330 433 424 496 dicit:
467 434 528 506 oui
549 431 618 495 vult
638 432 761 504 virere,
798 435 895 496 babet
926 433 982 497 ubi
1004 435 1103 506 vivat,
1135 438 1232 498 babet
1265 437 1350 499 unde
1376 438 1466 508 vivut,

236 539 376 609 accedat,
410 538 530 608 credat,
564 539 795 614 incorporetur,
829 545 864 598 ut
886 537 1071 600 vivificetur.
1117 539 1204 600 llaec
1237 539 1291 600 ille
1347 543 1394 602 Ab
1420 541 1465 601 bis

203 707 206 714 Δ
234 657 311 704 vero
334 640 478 703 omnibus
513 655 603 716 quam
626 640 732 702 aliena
755 647 839 716 sunt,
861 642 1006 713 obsecro,
1036 642 1092 702 illa
1114 641 1319 719 imperatoria
1342 651 1375 704 et
1398 645 1467 704 Pon-

236 745 337 806 tificia
360 743 401 804 de
424 744 485 803 boc
507 739 709 804 Sacramenta
732 742 890 818 dogmate,
913 743 954 803 de
977 743 1306 821 corporaliinquam,
1331 747 1467 808 substan-

235 847 369 924 tialique
405 846 437 907 in
468 848 574 906 Coena
606 847 787 922 praesentia
810 847 939 917 Christi,
971 847 1062 907 cuius
1092 863 1208 924 corpus
1232 855 1264 908 et
1288 850 1466 926 sanguinem

237 968 355 1020 verum,
378 967 440 1010 non
461 948 556 1010 modo
577 948 703 1017 fideles,
727 947 785 1007 sed
810 947 957 1008 infideles
980 963 1118 1025 quoque,
1154 948 1230 1010 licet
1251 949 1343 1026 porci
1366 957 1399 1010 ct
1422 967 1466 1010 ca-

235 1069 304 1125 nes,
327 1069 387 1114 non
409 1056 528 1112 tantum
553 1057 874 1121 sacramentotenus,
898 1052 955 1111 sed
979 1069 1055 1113 vere
1077 1051 1210 1130 insuper
1229 1059 1261 1113 et
1285 1053 1416 1114 realiter
1437 1058 1466 1112 et

236 1153 487 1232 substantialiter
508 1152 713 1230 percipienti
754 1152 793 1214 iit
826 1154 881 1230 qui
920 1153 966 1216 ita
991 1157 1144 1226 sentiunt,
1175 1171 1217 1216 oo
1240 1155 1367 1232 delapsi·
1388 1163 1466 1230 sunt,

235 1265 272 1321 ut
292 1261 481 1322 abhorreant
503 1275 522 1318 a
545 1255 675 1316 vocibus
697 1252 920 1337 spiritualiter
944 1263 975 1318 et
994 1255 1302 1334 sacramentaliter,
1328 1259 1377 1318 vel
1400 1275 1465 1338 my-

235 1359 328 1432 eticc,
352 1359 465 1437 quibus
487 1357 540 1420 usi
563 1363 636 1418 sunt
658 1359 832 1427 commode,
857 1367 889 1419 et
911 1359 1037 1421 utiliter
1059 1360 1187 1432 notasti,
1216 1367 1346 1422 utantur
1368 1367 1465 1422 aurien

236 1462 335 1526 nostri
364 1462 413 1522 illi
436 1461 568 1522 vocibus
590 1475 652 1520 uon
675 1459 810 1537 perinde
832 1462 992 1537 usurpatis
1015 1466 1053 1525 ab
1076 1465 1154 1534 illis,
1188 1465 1320 1525 realiter
1346 1471 1377 1524 et
1401 1467 1466 1524 sub-

237 1565 428 1628 stantialiter
450 1569 510 1624 oto.
555 1561 733 1634 Quaeram
757 1577 868 1624 revere
896 1567 939 1626 lta
961 1566 1108 1637 habeant,
1147 1567 1292 1644 cupimus
1315 1581 1391 1628 sene
1412 1585 1465 1627 nos

236 1685 294 1744 pro
318 1683 480 1746 ea,=quarn
501 1668 670 1728 aDomino
693 1668 858 1728 consecuti
881 1685 1000 1739 sumus,
1023 1669 1136 1746 gratia
1160 1670 1340 1746 simplicem
1362 1677 1394 1730 et
1415 1687 1464 1745 pu-

236 1782 300 1834 ram
324 1770 411 1833 illam
434 1769 602 1832 reducere
621 1767 656 1832 in
678 1769 855 1830 Ecclesiam
878 1768 995 1831 christi
1020 1769 1203 1845 veritatem,
1239 1773 1370 1832 abolere
1394 1787 1463 1830 vcro

237 1889 362 1934 errores
385 1871 459 1933 illos
482 1869 667 1948 lentitiam,
704 1873 876 1948 postremis
898 1869 960 1932 illis
985 1873 1115 1943 seculis,
1152 1871 1338 1957 (secundum
1361 1871 1465 1933 vatici·

235 1979 323 2040 nium
346 1974 592 2037 (ibristi-biattb.
615 1973 708 2034 lleV
731 1981 765 2034 et
786 1975 932 2035 Danielis
954 1973 994 2036 ill
1016 1977 1099 2054 cap.)
1122 1979 1158 2038 ab
1183 1975 1413 2037 execrabilibus
1435 1977 1462 2034 et.

236 2079 420 2157 sophisticis
444 2074 607 2141 blonacbis
636 2077 800 2138 Ecclesiae
821 2077 884 2138 Del
921 2081 1078 2150 obtrusus,
1113 2077 1252 2156 Regibus
1277 2091 1401 2154 quoque
1433 2083 1462 2136 et

237 2181 433 2261 Principibus
471 2181 509 2241 ad
532 2180 594 2240 hoo
616 2177 735 2240 idolum
758 2181 957 2241 statuentium
989 2187 1020 2242 et
1043 2181 1287 2242 confirmandum
1322 2179 1403 2258 ignis
1434 2185 1462 2238 ct

236 2284 335 2364 gladii
368 2301 458 2348 usum
491 2284 591 2360 impie
628 2284 946 2344 accommodantibus.
991 2284 1114 2345 Scimus
1148 2289 1264 2354 eutem,
1299 2283 1403 2344 moliri
1434 2289 1461 2342 et

236 2404 333 2467 agere
356 2400 494 2450 nosram
515 2386 678 2448 inmundo
702 2384 843 2463 alioquin
867 2385 1109 2464 impossibilem,
1134 2386 1322 2448 sedecimas
1346 2384 1461 2447 interim

237 2497 269 2551 et
285 2492 362 2561 boc,
388 2489 472 2564 apud
493 2491 593 2551 Deum
616 2505 678 2549 non
702 2488 904 2565 impossibile
929 2506 1002 2550 esse
1025 2489 1123 2551 ullum
1145 2490 1284 2551 verbum.
1312 2487 1459 2566 tergimus

238 2609 314 2670 ergo
338 2591 369 2652 in
392 2592 522 2654 nomine
542 2589 677 2666 Domini,
698 2591 744 2650 in
768 2605 868 2668 opere
891 2589 1229 2664 Dominisentientes
1259 2594 1290 2653 in
1314 2591 1375 2654 hoc
1406 2611 1459 2652 nun

235 2695 590 2773 ruodieumproleotum
613 2709 653 2754 ex
675 2696 778 2772 gretie
799 2694 862 2756 Dei
885 2695 1069 2758 assistentis
1092 2696 1195 2758 nobis.
1226 2699 1330 2774 Atque
1349 2702 1458 2772 lequo-

235 2812 297 2876 que
318 2801 487 2868 hortamur,
511 2797 630 2871 optime
651 2797 758 2868 trater,
787 2803 822 2858 ut
844 2805 877 2857 et
899 2807 933 2858 te
953 2799 1046 2860 nobis
1070 2799 1256 2875 coniungas,
1293 2806 1324 2859 et
1359 2806 1394 2859 ut
1425 2797 1457 2857 de

236 2903 300 2962 boc
323 2899 453 2979 negotio
478 2899 524 2961 sic
547 2914 662 2978 pergas
686 2900 772 2976 loqui
794 2907 828 2960 et
850 2900 1009 2972 scribere,
1044 2903 1174 2980 utquid
1197 2903 1328 2974 sentias,
1351 2900 1456 2978 liquido

237 3001 404 3082 cognosci,
441 3001 644 3081 intelligique
674 3003 779 3080 possit
812 3006 851 3064 ab
881 3005 1047 3075 omnibus,
1083 3006 1179 3066 etiarn
1212 3005 1457 3082 simplicioribus.

235 3109 347 3170 Petunt
369 3108 431 3167 boc
463 3110 537 3165 ate
559 3121 669 3166 omnes
693 3105 741 3180 pii
773 3121 831 3182 por
853 3106 1062 3176 Germaniam,
1086 3106 1219 3177 ltaliam,
1242 3101 1383 3179 Galliam,
1408 3111 1457 3168 rin·

237 3209 344 3288 glium,
367 3197 530 3272 Polo'niarn
551 3213 611 3273 etc.
656 3209 863 3270 Minturnae
887 3209 990 3285 ipsum
1012 3209 1072 3272 tibi
1095 3209 1247 3271 Dominus
1270 3218 1304 3272 et
1323 3213 1457 3273 servator

236 3316 354 3376 noster.
390 3313 578 3390 vSuspensas
612 3326 689 3372 sane
722 3318 756 3372 tu
779 3311 881 3372 arlbuo
903 3311 1025 3387 aliquot
1048 3312 1149 3374 bonos
1170 3314 1258 3374 viros
1281 3321 1381 3384 tenes,
1411 3311 1455 3388 qni

235 3423 394 3494 utcunque
426 3417 526 3477 utaris
562 3413 626 3475 illis
651 3415 843 3491 augustanis
877 3421 909 3474 et
939 3413 1154 3489 imperatoriis
1190 3417 1295 3478 verbis
1331 3429 1403 3480 uere
1432 3419 1457 3473 et

235 3515 514 3588 euimaatiaittcr,
538 3521 666 3595 sperant
689 3522 792 3578 tanuen
816 3516 867 3586 bi,
899 3526 932 3578 te
956 3536 1016 3579 non
1031 3519 1148 3579 'tacere
1170 3534 1238 3578 cum
1262 3519 1407 3599 Papistis,
1429 3521 1454 3576 et

235 3621 421 3706 qrribusdam
444 3618 651 3684 contentiosis
673 3618 833 3690 iratribus,
857 3621 914 3680 sed
936 3623 1152 3694 te'synccrius
1175 3623 1295 3682 sentire
1318 3618 1455 3684 desectis

236 3724 390 3802 mysticis,
423 3724 578 3798 adeoque·
592 3727 689 3782 temet
711 3722 816 3799 ipsum
845 3739 903 3798 pro
928 3727 980 3782 tua
1002 3723 1123 3810 pietate
1151 3723 1266 3784 clarius
1290 3726 1392 3804 adbuc
1412 3739 1454 3783 ex-

235 3827 412 3900 positurum
436 3826 477 3886 de
499 3827 561 3886 boo
583 3839 672 3884 sacro
694 3825 848 3900 mysterio
880 3825 1072 3885 sententiam¹
1094 3823 1341 3902 explicationem,
1364 3827 1455 3904 pario·

235 3945 375 4006 remane,
399 3934 435 3987 ac
456 3927 586 3988 minime
609 3927 794 4004 ancipitem:
816 3929 952 3987 maxime
976 3943 1044 3987 cum
1062 3929 1129 3988 troc
1152 3943 1234 3989 anno
1258 3929 1454 4006 interpretans

233 4032 354 4108 lllcap.
374 4031 521 4108 Apostoli
544 4031 584 4090 ad
605 4030 728 4094 Goloss.
751 4029 871 4090 diserte
894 4033 1028 4090 testatus
1052 4031 1108 4100 sis,
1131 4033 1164 4089 te
1187 4046 1248 4091 non
1269 4029 1377 4092 iacere
1397 4045 1453 4088 cun

233 4133 310 4206 illis,
333 4136 387 4212 qui
410 4141 441 4194 et
465 4151 578 4210 corpus
600 4130 728 4195 Domini
758 4133 945 4210 peremnia
968 4132 1151 4203 extendunt,
1190 4139 1222 4192 et
1249 4131 1367 4209 ubique
1393 4145 1453 4191 esse

235 4239 437 4307 contendunt,
464 4244 495 4298 et
510 4236 570 4313 =qui
594 4238 718 4299 coelum
739 4243 864 4314 negant*
879 4251 951 4296 esse
974 4233 1187 4306 locinomen,
1205 4242 1243 4295 et
1265 4235 1376 4298 christi
1398 4247 1453 4294 cor-

232 4341 406 4418 prabos,
421 4337 595 4414 brt·-loourn,
633 4343 762 4416 propter
786 4339 853 4420 veri
877 4337 1017 4412 corporis
1043 4319 1166 4398 ruodum
1196 4327 1367 4412 corrupere.
1408 4335 1450 4394 rit·

232 4439 287 4518 qui
313 4455 377 4501 non
405 4448 499 4516 potes
527 4440 702 4519 ignorare,¹
720 4419 876 4517 quomodo
899 4443 979 4501 haec
996 4447 1055 4502 tua
1083 4440 1249 4519 excepturi
1274 4447 1306 4501 et
1329 4437 1449 4516 exagita-

232 4543 299 4607 tu‘ri
318 4543 383 4605 sint
400 4544 517 4604 *traua
541 4543 587 4604 illi
612 4544 726 4630 nostri,
750 4544 1123 4624 qui-bactenusmagnis
1137 4542 1447 4606 clamoribusoontra·
