3116 5212
211 319 278 394 58⁸
740 337 925 397 munuum.

212 500 314 560 lantur
337 513 378 558 ex
399 493 545 558 Ecclesia
567 495 629 558 Dei
652 496 770 574 piaque
792 513 854 571 pax
877 494 1073 562 restituatur.
1117 497 1183 559 Hoc
1206 504 1240 559 tu
1264 498 1326 559 iam
1348 498 1446 558 lerme

213 603 282 664 solo
305 609 382 664 nutu
420 598 490 662 sine
512 601 580 663 ulla
600 599 786 664 difficultate
811 617 849 663 cc
870 599 1019 680 molestia
1055 609 1218 680 praestare
1259 609 1364 678 potes.
1409 603 1448 662 At

211 722 271 783 ego
294 703 393 764 Deum
416 707 526 777 testor,
563 720 614 764 ure
647 718 706 764 uec
737 709 861 778 tecum,
897 720 956 765 nec
997 719 1065 766 cum
1098 705 1163 767 ullo
1210 719 1307 782 posse
1340 719 1448 780 pacem

210 809 297 870 salva
320 804 515 870 conscientia
538 808 666 878 habere,
690 804 756 884 qui.
770 823 898 882 quoquo
922 806 1014 868 modo
1038 821 1160 868 errores
1184 811 1215 867 ct
1238 807 1388 868 scandata
1416 803 1448 866 in

208 911 356 976 Ecclesia.
375 907 434 972 Dei
456 908 570 984 sparsit
592 925 652 970 nec
675 924 713 971 ee
735 925 805 971 curn
830 917 946 984 potest,
971 911 1034 970 vult
1056 909 1177 970 tollere.
1376 901 1380 910 '

295 1047 362 1120 Quo
390 1060 467 1106 vero
503 1044 595 1106 etiam
619 1044 719 1123 magis
743 1050 882 1107 nostrum
904 1045 994 1121 pacis
1016 1045 1153 1108 studium
1177 1063 1286 1108 cernas
1325 1055 1357 1108 et
1393 1065 1450 1110 nos

209 1155 294 1212 tuam
318 1149 521 1228 ignominiam
546 1165 607 1210 non
629 1163 792 1225 quaerere,
815 1149 892 1211 illud
915 1149 1046 1226 insuper
1068 1150 1235 1226 promitto,
1259 1151 1345 1228 quod
1367 1152 1396 1211 si
1417 1159 1450 1212 tu

209 1268 267 1330 per
289 1255 388 1314 hosce
411 1253 563 1314 articulos
588 1268 724 1313 errorem
749 1267 789 1312 ex
803 1251 948 1315 Ecclesia
965 1252 1084 1314 Christi
1107 1255 1285 1325 sustuleris,
1308 1252 1450 1330 mihique

209 1359 316 1415 contra
337 1354 442 1432 aliqua
465 1359 547 1417 tetra
569 1353 741 1430 mendacia,
766 1353 881 1431 quibus
902 1359 988 1417 tuam
1012 1355 1123 1416 lamam
1144 1354 1242 1431 laesi,
1280 1355 1451 1418 manifesta

210 1459 389 1520 ostenderis
419 1461 503 1538 (nam
526 1475 588 1536 ego
610 1459 752 1537 proiecto
776 1460 891 1520 nullius
913 1459 993 1520 mihi
1017 1478 1086 1521 sum
1110 1460 1269 1538 conscius)
1302 1458 1355 1520 illa
1390 1458 1450 1522 sim

210 1562 339 1640 publico
364 1562 484 1639 scripto
509 1570 719 1626 revocaturus.
764 1564 878 1625 Contra
900 1579 977 1622 vcro
1002 1579 1084 1639 quae
1112 1582 1167 1624 vos
1190 1563 1271 1624 mihi
1292 1564 1373 1624 lalso
1396 1565 1450 1624 ob·

209 1664 346 1746 iecistis,
369 1673 402 1727 ut
427 1668 510 1744 quod
535 1667 620 1728 istud
644 1670 802 1728 certamen
827 1667 1022 1743 susceperim
1047 1663 1224 1744 cupiditate
1248 1665 1379 1744 gloriae,
1395 1683 1436 1726 ve

209 1777 358 1848 stracque
382 1769 587 1849 ignominiae,
621 1769 706 1848 quod
728 1771 787 1831 sim
809 1769 990 1847 seditiosus,
1025 1771 1148 1848 tibique
1180 1771 1305 1848 gladios
1340 1771 1451 1839 minen,

208 1875 267 1938 sim
290 1882 381 1937 autor
403 1872 531 1936 dissidii
550 1874 585 1936 in
607 1874 750 1936 Ecclesia
771 1872 831 1935 Dei
855 1881 886 1936 et
908 1877 1070 1937 innumera
1091 1876 1154 1936 alia
1179 1881 1250 1946 etc,
1273 1891 1312 1936 ea
1334 1881 1369 1935 ut
1392 1890 1451 1934 vos

209 1979 337 2054 publice
359 1979 517 2038 revocetis
541 1995 603 2040 non
623 1976 780 2055 flagitabo.
825 1977 892 2039 Hoc
914 1987 948 2040 ut
965 1979 1078 2055 opinor
1100 1977 1352 2040 animadvertitis
1376 1993 1451 2040 asse

207 2100 270 2142 non
293 2083 366 2142 leve
388 2081 595 2152 commodum,
618 2082 701 2157 quod
725 2081 789 2142 iam
811 2082 901 2159 pacis
923 2079 1028 2142 studio
1051 2082 1135 2142 ultro
1160 2081 1280 2144 deiero.

316 2219 465 2295 Quereris
488 2227 532 2294 tu,
557 2237 613 2280 vos
635 2217 728 2280 i‘nitio
753 2215 1043 2280 interimisticorurn
1067 2227 1232 2281 conatuum
1257 2238 1329 2282 csse
1352 2226 1450 2283 omni-

207 2325 413 2403 busprobris
437 2323 590 2385 laceratos
614 2323 652 2384 ab
676 2321 800 2408 aulicis,
837 2323 912 2399 quia
935 2323 1049 2383 cedere
1072 2321 1232 2395 noluistis,
1266 2341 1349 2384 nunc
1372 2341 1450 2385 vero

208 2437 316 2491 contra
338 2445 356 2490 a
379 2423 470 2488 nobis
492 2425 636 2496 lacerari,
661 2427 733 2502 quia
757 2425 911 2486 cessistis.
958 2427 998 2485 At
1026 2427 1130 2504 cogita
1158 2443 1293 2502 quaeso,
1334 2436 1451 2503 quanto

208 2533 328 2595 rectius
351 2531 525 2601 fecissetis,
559 2521 588 2590 ‘si
621 2547 682 2620 non
718 2528 796 2600 illis,
833 2530 887 2603 quai
921 2530 1001 2590 solis
1024 2528 1204 2590 maledictis
1228 2531 1450 2592 et'calumniis

209 2635 440 2700 coniurationis
462 2633 675 2710 Theologicae
696 2631 755 2694 'vos
778 2620 978 2704 lacerarunt,
996 2634 1053 2693 sed
1074 2634 1199 2694 vestris
1213 2633 1354 2710 propriis
1378 2653 1451 2695 con-

210 2739 351 2801 scientiis
375 2745 406 2798 et
429 2739 561 2798 fratrum
583 2735 864 2806 admonitionibus,
907 2739 961 2813 quii
999 2755 1054 2799 vos
1078 2741 1175 2798 verbo
1199 2737 1260 2798 Dei
1293 2748 1451 2810 urserunt,

207 2831 397 2906 cessissetis.
441 2841 529 2913 Qtrod
556 2841 583 2900 si
612 2839 705 2899 nobis
730 2835 970 2916 queque'qucri
1003 2840 1113 2928 liberet
1147 2841 1283 2903 infinitis
1306 2844 1450 2919 prolecto

207 2939 362 3026 partibus,
386 2943 552 3003 iustiorem
575 2944 733 3019 querelam
757 2943 954 3004 haberemus.
1000 2942 1075 3004 Nam
1099 2961 1156 3005 nos
1182 2961 1243 3005 non
1268 2952 1388 3006 tantum
1412 2949 1448 3006 ab

207 3049 318 3112 aulicis
340 3047 552 3109 'lhrasonibus
577 3051 608 3106 et
631 3047 850 3108 Gnathonibns
874 3060 982 3107 sumus
1005 3046 1137 3108 lacerati
1174 3055 1205 3108 et
1227 3047 1331 3109 adhuc
1368 3047 1447 3110 lacc-

207 3141 321 3237 ramur‚
343 3139 563 3228 perpetuoque
586 3151 801 3225 lacerabuntur,
827 3151 884 3211 sed
906 3153 1002 3212 etiam
1025 3151 1057 3212 in
1081 3151 1212 3230 publicis
1235 3151 1367 3228 Imperii
1392 3155 1446 3212 Co·
1547 3155 1548 3166 ²

208 3256 309 3317 mitiis
332 3271 411 3316 anno
425 3258 464 3317 50
489 3271 595 3314 sumus
619 3254 767 3324 accusati,
791 3255 875 3328 quod
900 3255 1018 3314 nostris
1041 3249 1170 3316 famosis
1186 3253 1305 3316 libellis
1329 3256 1447 3316 instau-

206 3359 286 3421 ratio
309 3356 435 3420 lnterim
459 3360 502 3419 sit
525 3356 683 3432 impedita.
715 3373 843 3434 possem
873 3358 912 3419 ‘et
942 3366 1067 3420 vestrae
1091 3361 1184 3420 aulae
1208 3361 1447 3436 praecipuorum
1546 3409 1547 3452 ᾗ

206 3463 458 3548 consiliariorum
480 3462 587 3523 literas
610 3454 763 3538 prolerre,
788 3465 945 3538 quomodo
966 3462 1018 3522 illi
1040 3463 1352 3540 diligenternostros
1376 3481 1448 3523 con-

204 3574 252 3628 tra
275 3587 327 3627 vos
350 3552 475 3627 libellos
499 3565 697 3644 collegerint,
721 3565 851 3628 Caesari
875 3569 906 3626 et
928 3566 1009 3644 Regi
1032 3565 1257 3627 missitaverint
1279 3582 1316 3626 ac
1341 3569 1445 3642 questi

206 3670 281 3742 sint,
320 3687 356 3729 se
380 3667 509 3745 quidem
533 3684 573 3728 ex
596 3667 703 3727 animo
727 3683 841 3741 cupere
865 3669 991 3729 interim
1026 3666 1057 3728 in
1081 3664 1242 3729 Ecclesiae
1279 3669 1445 3739 inducere,
1545 3701 1546 3736 r

206 3773 288 3833 sicut
312 3788 420 3832 eorum
451 3769 488 3831 M.
513 3768 646 3854 polliciti
669 3775 787 3840 essent,
823 3771 879 3830 sed
916 3775 952 3831 se'
987 3771 1058 3832 istis
1083 3767 1302 3833 seditiosorum
1328 3771 1447 3832 libellis

206 3874 362 3950 impediri.
406 3872 508 3946 Quare
533 3855 737 3950 cogebamur
758 3875 790 3936 id
814 3873 932 3935 ciimen
963 3881 995 3935 et
1019 3877 1133 3936 odium·
1162 3874 1223 3935 imo
1248 3881 1280 3935 et
1306 3877 1448 3952 pericula
1544 3941 1545 3946 .

205 3983 242 4041 ab
268 3975 457 4041 adversariis
479 3975 572 4050 ferre,
596 3985 742 4053 tanquam
780 3979 833 4054 qui
864 3979 926 4039 soli
960 3975 1089 4041 interim
1111 3985 1276 4055 totumque
1298 3987 1445 4054 papatum

206 4082 443 4160 impediremus,
467 4085 575 4142 contra
597 4094 673 4141 vero
698 4097 716 4140 a
738 4080 830 4142 vobis
850 4081 987 4158 aliisque
1009 4081 1324 4144 nostree'doctrinae
1348 4082 1448 4143 homi-

206 4183 298 4246 nibus
322 4183 431 4246 audire
445 4183 669 4265 cogebamur,
691 4187 772 4262 quod
803 4184 912 4246 tristes
935 4185 1041 4248 turbes
1076 4187 1109 4246 in
1133 4180 1276 4275 Ecclesia
1298 4185 1360 4247 Dei
1385 4203 1445 4246 mo-

205 4283 361 4359 ¹varamus,
400 4289 555 4349 derebus
589 4287 684 4349 nihili
719 4297 752 4348 ut
775 4289 814 4348 de
837 4287 923 4350 linea
945 4297 1035 4350 veste
1059 4289 1267 4368 litigaremus,
1292 4309 1350 4350 vos
1375 4309 1444 4352 con-

206 4391 416 4454 stantissimos
440 4392 632 4470 papistar'um
652 4391 854 4453 aduersarios
878 4374 1035 4456 immerito
1059 4409 1293 4464 accusaremus*
1325 4396 1390 4455 imo
1414 4400 1445 4452 et

206 4493 405 4572 disciplinam
441 4514 477 4556 ac
511 4497 759 4585 conformitatem
793 4483 1019 4570 'impediremus
1062 4505 1093 4556 et
1129 4481 1263 4574 deniq'uc
1286 4495 1443 4558 'lurcicam

207 4597 382 4691 barbariem
405 4597 438 4658 in
463 4581 635 4661 Ecclesiam
657 4599 717 4661 Dei
741 4586 891 4661 ¹inducere
915 4615 1107 4662 conaremur.
1210 4615 1213 4622 ⁴
