3072 5208
258 289 327 368 m
627 301 1141 402 ammmmmmt

266 485 350 540 esse,
385 475 417 530 et
449 471 485 541 ut
508 472 630 530 vestras
653 471 686 528 et
708 471 831 530 nostras
853 463 1013 530 Ecclesias
1035 473 1152 538 servet.
1186 474 1218 529 et
1240 469 1300 530 hos
1322 466 1482 530 docentium

269 578 301 633 ct
324 569 513 633 discentium
530 577 652 642 coctus,
676 577 708 633 ct
729 576 765 632 ut
788 574 820 631 tc
843 572 1007 649 gubernet,
1030 574 1098 632 toto
1121 587 1192 634 curn
1212 580 1341 648 pectore
1364 590 1425 634 oro.

349 673 451 736 Etiam
490 673 651 750 sapientes
682 672 801 735 ethnici
836 675 985 748 clamant,
1018 672 1110 735 initia
1133 680 1166 734 et
1189 681 1323 734 eventus
1344 675 1483 735 bouuorun

263 777 468 840 consiliorum
490 795 508 839 a
530 777 593 838 deo
615 791 700 848 esse,
723 783 758 837 ut
781 775 932 838 Pindarus
941 775 963 854 ¹)
986 776 1099 852 inquit,
1121 771 1217 858 pinxi
1239 767 1416 859 dripcu'nme
1435 776 1483 838 ιε’-

261 883 318 955 tog
340 881 394 944 eni
413 875 497 964 ἀρχὰ
522 870 675 963 ὀρνύντος
695 880 778 944 θεοῦ
799 874 937 953 αὔξεται,
959 887 1103 954 petamus
1126 878 1223 956 igitur
1243 885 1276 941 et
1291 887 1483 957 expectemus

155 983 161 992 '
262 986 465 1047 honestorum
482 981 681 1046 consiliorum
703 983 964 1061 gubernationem
987 1000 1006 1042 a
1028 981 1089 1044 deo
1113 987 1244 1044 aeterno
1265 989 1356 1060 patnc
1378 980 1483 1043 donini

261 1089 361 1149 nostri
385 1087 461 1161 tcsq
476 1087 606 1152 christi.
638 1085 746 1148 Frater
768 1083 910 1164 Magistri
934 1083 1051 1148 Erasini
1074 1083 1247 1148 uncinnou
1269 1085 1437 1161 pollicetur
1454 1101 1482 1146 se

260 1189 291 1252 in
315 1189 516 1253 Academiam
538 1196 676 1252 nestrum
698 1189 910 1266 proiecturum
933 1203 1019 1262 esse,
1042 1187 1073 1250 si
1095 1187 1273 1252 volueritis.
1318 1187 1375 1250 Vir
1395 1190 1480 1251 hone·

262 1301 331 1354 stus
355 1301 386 1354 et
409 1291 519 1356 doctus
542 1297 645 1364 estet
667 1291 829 1363 candidus,
852 1307 888 1353 ac
910 1297 1001 1354 natus
1022 1289 1055 1354 in
1078 1290 1199 1354 ienuitin
1220 1293 1364 1355 limesia.
1385 1291 1482 1354 idanus

260 1406 345 1460 tuum
369 1393 489 1474 accept,
513 1395 599 1473 quod
622 1395 684 1458 etsi
705 1401 828 1473 gratum
850 1403 911 1467 est,
934 1401 1039 1458 minen
1061 1393 1170 1456 iudico
1192 1395 1294 1457 maius
1307 1411 1482 1472 essequam

259 1517 318 1560 nos
349 1493 404 1577 τήν
425 1492 614 1580 ἀναλογίαν,
634 1500 689 1562 καὶ
721 1493 882 1579 μεσότητα
908 1494 1150 1580 ἀσπαζομένους
1171 1499 1246 1560 dare
1269 1505 1324 1560 nui
1347 1499 1478 1578 accipere

259 1601 361 1662 dccet.
407 1599 471 1662 Sed
493 1616 599 1663 coram
621 1603 681 1662 hae
704 1601 745 1662 de
767 1615 811 1660 re.
835 1601 922 1663 mitto
945 1609 1091 1678 poemata
1113 1601 1229 1664 tibiet
1252 1601 1374 1664 numicis.
1407 1603 1480 1663 Bene

261 1705 341 1767 vote.
364 1702 414 1766 26.
436 1705 510 1766 Feb.

942 1841 1109 1922 philippus
1131 1843 1323 1905 Melanthon.

773 2099 978 2116 m

258 2253 331 2313 494.
1319 2259 1474 2372 affl

317 2463 471 2556 Georpc‘o
510 2463 682 2533 Graeceio
712 2467 873 2554 iuniori,
900 2463 1118 2561 Profeeeoee‘
1151 2467 1428 2566 Witebeeqenci.

326 2642 394 2695 Vide
413 2644 607 2712 prolegomena
627 2645 660 2697 ud
679 2659 723 2698 no.
735 2643 797 2698 480.
815 2673 851 2686 -
867 2645 909 2697 Ex
927 2647 980 2698 hnc
993 2649 1117 2718 ¹epistota
1136 2657 1261 2717 apparet,
1281 2665 1342 2702 ean
1361 2652 1474 2720 scriptam
1519 2637 1520 2726 i

359 2744 435 2791 enee,
465 2734 607 2796 postquam
633 2730 777 2784 Gronovius
805 2746 917 2784 munere
940 2733 1337 2804 Proicesnriswitcbergeneie
1361 2753 1408 2806 per
1423 2740 1473 2790 anni

359 2815 537 2880 quadrantem
555 2817 714 2886 perfunctus
733 2825 800 2872 erat.

254 3000 487 3069 claremontem
510 3005 697 3072 eruditione
721 3019 754 3071 et
777 3015 904 3074 virtute
922 3020 1117 3096 praestanti
1148 3013 1183 3079 d.
1203 3021 1346 3096 georgic
1368 3013 1471 3080 Crnce

675 3115 730 3174 vin
758 3118 865 3178 cneco
886 3135 946 3178 eea
966 3122 1085 3181 neem.

337 3275 368 3336 S.
390 3278 426 3340 D.
474 3277 560 3340 Nune
591 3278 714 3344 Rouerii
736 3280 851 3380 copiux
884 3283 1022 3364 accipiet
1055 3285 1208 3364 stipendii
1239 3295 1372 3364 partem,
1404 3301 1469 3366 quae
1514 3351 1515 3356 ,

253 3375 320 3438 viro
342 3380 506 3456 praesenti
529 3381 636 3444 sotuta
658 3389 754 3444 esset.
789 3381 873 3448 “ideo
897 3404 1089 3466 magnopere
1121 3394 1154 3450 te
1190 3406 1256 3463 oro,
1293 3398 1329 3454 ut
1362 3391 1401 3453 dc
1421 3393 1469 3452 hoo
1514 3359 1515 3431 i

252 3478 424 3554 quadrante
447 3479 521 3542 anni
542 3491 665 3557 exacto,
687 3503 749 3547 non
772 3491 907 3568 pugnes,
930 3490 1006 3568 quia
1026 3507 1086 3554 nec
1108 3493 1204 3556 habet
1225 3491 1355 3572 aliunde
1378 3495 1468 3564 decus,
1513 3483 1514 3572 i

252 3582 336 3657 quod
357 3585 458 3660 possit
479 3602 652 3650 numerare.
697 3589 762 3652 Noe
785 3589 869 3653 eninr
892 3609 933 3680 cu
956 3594 1085 3674 collegii
1106 3594 1323 3673 philosophici
1345 3596 1466 3675 pecunia
1512 3615 1513 3620 ¹

250 3681 283 3744 in
306 3685 449 3762 proximo
472 3689 645 3764 quadrante
668 3693 847 3757 addidimus
869 3683 947 3760 fisco
977 3697 1183 3778 quadraginta
1202 3697 1424 3772 'loachimicon
1442 3705 1467 3760 et

250 3786 283 3847 in
305 3788 376 3852 auia
400 3789 478 3852 nituit
502 3794 555 3872 agi
578 3795 706 3874 poterit,
731 3797 913 3888 priusquam
937 3798 1090 3867 sciremus
1110 3801 1187 3882 quid
1210 3803 1340 3882 Lipsiae
1362 3803 1466 3882 accipe·

249 3896 342 3973 retur.
387 3893 454 3956 Nec
475 3895 579 3975 accipi
611 3899 782 3976 potuisset,
811 3901 876 3968 scis
899 3902 982 3966 enim
1005 3905 1107 3966 inisse
1129 3906 1375 3982 controuersias,
1409 3904 1465 3967 siue
1510 3915 1511 3996 i

247 3994 368 4071 tragico
384 4000 566 4072 certamine,
589 4000 651 4062 nisi
673 4004 787 4079 privati
809 4005 1077 4071 cuniusdomamiei
1099 4007 1371 4088 diligentiauobis
1386 4025 1462 4086 open

246 4095 382 4160 tulisset.
427 4100 618 4181 significabo
660 4107 772 4170 euticis
803 4109 1017 4189 migrationem
1040 4111 1171 4192 tonarii,
1206 4121 1237 4175 et
1269 4113 1344 4177 inde
1366 4118 1462 4192 petam

246 4203 281 4258 ut
303 4203 387 4277 quod
410 4203 469 4268 tibi
489 4205 550 4268 iam
573 4208 760 4284 promissum
784 4218 843 4284 est,
856 4213 1010 4294 deinceps
1034 4217 1173 4277 solvetur
1193 4219 1248 4282 eni
1270 4207 1362 4302 οἶμαι
1381 4211 1460 4291 emp

246 4373 452 4390 Ἣ

348 4491 377 4560 1)
400 4493 479 4552 nunu.
497 4495 574 4563 nnn
594 4500 636 4562 ro,
651 4501 692 4558 no.
