3120 5206
507 402 752 508 surrrunaprn
772 404 854 454 nram
877 407 950 457 rara.
1214 469 1217 477 ,
1325 389 1346 458 5

101 561 157 622 cui
182 563 257 622 boui
280 578 391 622 ornnes
414 563 539 629 lavent,
571 561 652 619 bene
676 559 822 633 cupiunt,
852 533 978 636 optarit,
1009 563 1209 634 desiderem,
1240 567 1346 626 omnia

101 666 196 725 salva
225 673 399 742 precantur.
452 663 542 735 Quod
571 664 610 724 ad
639 680 689 724 me
719 664 850 733 attinet,
881 671 967 724 certe
996 666 1075 726 mihi
1106 669 1254 727 conscius
1277 687 1345 728 sum

102 769 184 828 nulli
207 768 384 830 mortalium
409 775 471 827 tam
494 767 624 828 inimico
648 768 701 826 vel
723 766 886 827 minimum
903 769 1018 828 malurn
1040 785 1176 845 cupere,
1202 771 1345 832 delector

100 876 210 932 arrtem
234 871 476 946 supramodum
499 871 531 930 in
555 869 738 946 Philippica
760 870 910 931 amicitia.
957 870 1023 930 Hoc
1046 871 1114 931 scio
1139 891 1196 934 vos
1220 875 1344 936 omneis

101 990 142 1034 cx
166 973 273 1034 auimo
296 973 415 1051 diligo,
439 990 547 1050 parum
572 973 675 1034 liabeo
699 978 761 1032 tam
784 973 914 1033 charum
938 975 1023 1049 quod
1044 993 1107 1034 non
1132 976 1227 1035 velim
1251 978 1344 1038 vobis

101 1093 176 1136 esse
201 1093 375 1137 commune.
420 1075 526 1152 Saepe
549 1076 673 1152 cogito,
698 1075 752 1150 qui
776 1076 847 1136 fieri
871 1076 994 1154 possit,
1017 1083 1051 1136 ut
1075 1093 1256 1139 communes
1279 1081 1344 1141 mei

99 1194 211 1239 omues
242 1179 327 1255 apud
356 1197 414 1240 vos
444 1178 598 1239 militent:
634 1178 707 1238 binc
737 1179 829 1238 mitto
853 1178 1043 1256 Gregorium
1066 1178 1343 1253 Sclrlussellelder·,

99 1298 195 1358 quem
218 1289 293 1344 tuae
318 1281 491 1342 eruditioni
513 1281 608 1357 cupio
626 1296 699 1340 asse
716 1281 1060 1342 commendatissimum
1076 1282 1213 1357 atridem.
1248 1282 1343 1349 Sena-

98 1387 222 1448 toribus
245 1387 327 1446 meis
351 1392 505 1463 cognatus
529 1391 561 1444 et
584 1385 689 1445 alsrnis
721 1401 819 1461 super
849 1385 955 1446 omnia
983 1401 1034 1444 me
1056 1386 1194 1446 delectat
1218 1387 1343 1448 illorum

95 1488 267 1549 familiaris
297 1488 455 1558 amicitia,
487 1505 557 1548 cum
586 1487 791 1562 paucissimis
823 1488 855 1547 in
885 1493 953 1547 tota
982 1487 1150 1549 Germania
1179 1507 1239 1550 non
1270 1509 1342 1551 con-

96 1591 206 1662 veuit,
230 1593 335 1652 ambio
359 1597 464 1652 autem
488 1591 661 1652 convenire
686 1608 754 1650 curn
780 1589 942 1660 omnibus,
968 1590 1115 1668 inprimis
1140 1609 1209 1654 cum
1232 1597 1342 1654 nostro

95 1696 263 1772 Capnione
288 1711 381 1770 quem
404 1694 624 1755 desideranter
647 1696 739 1771 lego,
772 1692 863 1753 cuius
896 1699 1041 1770 tempora
1053 1692 1076 1777 ¹)
1107 1695 1341 1756 desiderantius

95 1805 255 1874 expecto,
286 1813 473 1872 quamquam
503 1798 565 1857 boc
598 1814 693 1872 supra
722 1795 826 1865 vircS,
856 1797 919 1856 nisi
951 1798 1055 1857 lorsan
1087 1798 1258 1873 aliquando
1289 1805 1343 1858 tua

1 1883 2 1898 ,
96 1881 319 1960 intercesserit¹
345 1899 533 1960 authoritas.
587 1899 620 1960 Si
652 1914 727 1976 ergo
759 1899 937 1959 similitudo
969 1901 1169 1962 conciliatrix
1194 1907 1243 1962 est
1265 1903 1340 1962 auri-

95 2003 212 2073 citiae,
235 2002 349 2062 merite
375 2009 407 2061 te
431 2021 520 2072 amo,
544 2001 663 2079 diligo,
687 2001 826 2074 horrore,
852 2017 1005 2072 veneror,
1030 2004 1185 2072 observo,
1209 2021 1271 2063 nou
1296 2004 1340 2064 in-

95 2106 182 2167 iuria
209 2105 271 2166 tibi
302 2106 408 2166 omnia
437 2106 558 2175 debeo,
587 2105 729 2182 obligor,
765 2105 919 2181 stipulor,
954 2105 1051 2165 vitam
1082 2122 1222 2176 omnem,
1258 2109 1339 2168 bona

1 2227 2 2290 p
94 2208 223 2279 omnia,
255 2208 495 2270 Clrristoiierum
519 2209 621 2282 ipsum
647 2210 814 2283 quarrtrrlus
846 2215 912 2278 est,
941 2223 1047 2284 neque
1070 2216 1176 2271 movet
1199 2211 1283 2284 quod
1308 2209 1340 2271 iu

94 2311 261 2387 aliquibus
297 2330 359 2372 non
396 2327 525 2388 prorsus
562 2311 729 2381 convenit,
767 2311 892 2386 qrrando
928 2317 962 2372 tu
998 2312 1081 2372 inter
1117 2312 1228 2372 doctos
1257 2314 1340 2390 apud

94 2417 223 2476 litteras
247 2414 318 2474 sine
342 2413 581 2475 intermissione
604 2415 761 2485 versucia,
787 2431 847 2492 ege
872 2414 955 2474 iuter
978 2419 1117 2474 aromata
1141 2431 1224 2490 quae
1238 2417 1339 2490 pluris

1 2501 2 2510 ¹
94 2526 237 2579 veneunt
262 2517 355 2596 quam
378 2534 536 2595 papyrus,
565 2525 599 2578 ut
623 2534 672 2577 me
697 2517 815 2594 pudeat
838 2517 1033 2594 impolitum,
1064 2515 1213 2577 incultum
1244 2519 1283 2577 ad
1307 2526 1339 2578 te

94 2621 241 2682 scribere
273 2622 412 2682 omnium
445 2619 687 2698 politissimum,
718 2620 988 2680 humanissimum.
1041 2618 1104 2680 Sed
1128 2621 1252 2697 quando
1277 2623 1340 2684 ista

94 2732 182 2784 tuam
205 2725 433 2785 humanitatem
457 2725 537 2786 nibil
561 2727 691 2784 movent
715 2729 747 2782 et
767 2738 854 2782 meas
887 2721 1058 2798 ineptiolas
1088 2724 1253 2799 hucusque
1276 2743 1338 2786 norr

94 2826 299 2886 fastidienter·
322 2825 460 2903 pellegis
485 2833 515 2886 el
538 2827 571 2887 in
595 2826 766 2886 amicorum
789 2823 981 2886 mentionem
1014 2823 1182 2885 incidimus
1207 2832 1239 2886 et
1262 2844 1335 2903 quo

95 2927 227 2989 rundam
251 2927 394 3004 suspicio
419 2945 468 2988 me
492 2930 576 3006 agit,
609 2929 748 3005 purgabo
772 2942 823 2986 me
846 2926 931 3005 apud
954 2932 1004 2997 te,
1027 2928 1138 2988 abutar
1161 2936 1215 2990 tua
1237 2931 1336 2991 sacili-

95 3039 161 3092 tate
187 3031 282 3091 etde
306 3031 406 3092 Eclsio
429 3031 579 3093 breuibus
603 3031 651 3090 sic
673 3031 793 3106 accipe.
851 3031 940 3090 Auno
965 3031 1079 3090 ablrirrc
1102 3032 1201 3091 lerme
1225 3041 1337 3108 quarto

95 3143 149 3195 aut
180 3135 278 3195 eliam
309 3134 419 3210 quinto
454 3152 512 3212 pro
543 3140 655 3194 senatu
684 3133 869 3207 frequenter
899 3133 1136 3193 concedendum
1166 3143 1234 3194 erat
1257 3135 1338 3197 Neu·

95 3240 229 3314 burgum
259 3236 299 3297 ad
328 3237 514 3297 Danubium.
567 3239 747 3297 Commotus
776 3235 916 3296 bominis
947 3235 1029 3296 lama
1051 3236 1212 3298 declinavi
1236 3237 1337 3314 lugol-

97 3339 250 3410 stadium‚
281 3339 348 3401 adii
369 3339 502 3402 Eckium
532 3341 626 3416 plane
657 3339 808 3416 ignotum.
863 3337 936 3415 lpse
965 3340 1005 3398 de
1036 3356 1086 3399 mc
1110 3339 1209 3416 pluris
1234 3342 1337 3418 suspi-

96 3451 185 3504 catus
215 3461 308 3520 quarn
333 3449 399 3504 erat
423 3443 455 3504 in
479 3443 586 3504 olficio
617 3441 800 3519 respoudit,
831 3441 1081 3504 familiarissime
1103 3443 1267 3514 tractavit,
1298 3447 1338 3507 ad

96 3546 273 3622 hospitium
304 3546 400 3606 etiarn
429 3554 626 3623 prosecutus
678 3545 781 3621 Super
813 3560 943 3605 coenam
975 3551 1007 3604 et
1037 3545 1229 3620 procedente
1261 3553 1336 3607 terrr-

96 3666 174 3725 pore
197 3648 340 3710 amicitia
363 3654 395 3709 et
418 3648 535 3710 litteris
559 3651 680 3710 crebris
705 3655 737 3707 et
758 3648 876 3708 olficiis
892 3648 1009 3708 mutuis
1028 3649 1246 3710 corroborata:
1271 3652 1336 3727 pla-

98 3753 161 3812 cuit
183 3751 325 3812 hominis
350 3753 541 3823 dexteritas,
576 3752 709 3830 gnavia,
746 3751 900 3821 eruditio,
938 3750 1116 3828 ingenium,
1147 3753 1337 3826 humanitas,

96 3855 192 3926 fides,
222 3855 382 3926 amicilia,
413 3874 504 3935 quam
529 3864 615 3917 arcto
639 3857 766 3916 vinculo
798 3853 1035 3926 constituimus,
1072 3855 1218 3926 iniimus,
1248 3857 1336 3918 auxi-

63 4021 70 4030 ,
98 3956 215 4042 mus').
259 3957 346 4019 Nihil
371 3961 459 4034 prius
482 3957 579 4020 habui
604 3977 696 4036 qrrarrr
719 3960 807 4019 illius
833 3958 979 4018 virtutem
1003 3959 1096 4019 nobis
1119 3959 1282 4020 insinuare
1302 3969 1334 4022 et

97 4061 431 4138 wittenburgcnsibus
461 4079 588 4138 quoque
617 4061 800 4124 conciliare.
861 4061 990 4122 Rectum
1027 4062 1204 4124 institutum
1232 4065 1335 4128 minus

182 4267 211 4334 l)
235 4267 373 4335 tempora]
394 4269 434 4320 sic
452 4267 536 4333 (lod,
563 4267 684 4320 fortasse
710 4267 832 4320 scribere
856 4267 956 4319 voluit:
983 4284 1067 4334 opera
1091 4267 1241 4335 (permulta
1265 4273 1336 4326 elus·

97 4353 169 4406 ruodi
187 4360 279 4406 errata
297 4353 326 4406 in
345 4353 480 4406 Scheurlii
499 4355 679 4423 autographis
698 4355 777 4408 obvia
798 4354 831 4404 ab
851 4352 1003 4408 editoribus
1023 4355 1079 4406 illis
1097 4364 1283 4410 memorantur
1302 4360 1335 4410 ab

96 4441 183 4506 iisque
203 4440 454 4506 emendatorum).

179 4525 207 4592 2)
231 4525 272 4576 De
291 4527 421 4578 haecum
439 4525 524 4580 Eckio
549 4528 670 4580 amicitia
695 4534 724 4580 et
748 4530 782 4580 de
801 4526 936 4580 Sobeurlii
960 4530 1081 4582 moribus
1100 4529 1240 4594 legantur,
1256 4547 1336 4595 .quae

95 4613 250 4666 lrocbnerus
270 4611 509 4680 Norimbergeusis
528 4630 615 4681 nuper
633 4615 746 4682 scripsit
764 4617 791 4666 in
810 4615 1039 4681 Ephemeridibus
1058 4616 1230 4681 Augustanis
1249 4613 1335 4682 ‘littam

97 4695 183 4765 burget
201 4693 356 4764 tituendae
374 4695 481 4766 gellone
501 4701 579 4752 1872:
595 4698 641 4750 blr.
657 4702 688 4750 tl
708 4701 762 4766 (11.
778 4699 852 4764 tan.)
871 4697 976 4766 belluna
995 4716 1022 4767 p.
1034 4701 1084 4752 155
1102 4716 1144 4764 sq.
