3072 5208
479 379 728 432 snnrnmmnrn
755 379 840 430 num
855 381 859 408 ¹
872 348 997 438 runc,¹
1125 354 1164 377 ⁸
1281 357 1349 434 m
1428 461 1430 464 Ι

97 538 155 608 sit,
184 539 285 603 imino
310 535 372 612 nisi
395 535 610 612 pertinaciter.
625 533 824 594 llaloaticutn
846 551 1051 598 recusassem·
1079 543 1110 598 et
1129 533 1346 613 areanum:

96 642 257 702 volebant
278 639 376 701 ctiam
398 640 461 700 hoc
483 637 598 698 ardore
618 653 673 698 me
695 639 860 698 conficere.
892 637 972 710 Quia
991 645 1100 700 lom'en
1124 647 1157 701 et
1178 639 1347 706 ortis-ouee

97 761 167 807 non
193 739 323 818 uulgari
345 741 504 816 scientie?
525 746 558 800 ct
576 744 668 799 certo
688 737 811 800 iudicio
834 739 1012 816 praeditos,
1035 747 1067 800 et
1090 742 1269 820 longousu
1293 759 1346 807 cx*

96 844 261 906 ercitatos
275 842 444 921 'cognovit
466 857 529 904 non
543 842 785 916 tamumrpfficii
809 859 905 904 oousa
925 859 1160 922 moremgerm·
1175 841 1347 909 senecioni

94 945 249 1008 libenter
270 947 376 1024 patior
398 961 449 1006 mc
466 944 550 1023 :regi
576 963 595 1006 a
617 944 737 1006 talibus
759 943 932 1022 diopistim
976 945 1101 1006 Vinum>
1114 957 1218 1008 mento
1239 947 1348 1011 Scolo⁴

95 1050 249 1127 pendrio·
267 1049 416 1110 condiunt
445 1055 482 1109 et
502 1048 680 1125 absynthio
703 1047 861 1109 Ponticos
887 1047 1105 1109 ventriculum
1128 1049 1277 1129 upupis:
1292 1053 1347 1114 uel

94 1167 140 1212 ex
156 1151 313 1228 Hyssopo
337 1150 386 1214 rel
410 1150 583 1222 euElenio,
603 1152 654 1211 vel
678 1149 964 1221 err-corticencitrn
980 1151 1080 1227 euasi
1101 1151 1254 1225 tomento,
1277 1169 1345 1216 sus

95 1262 248 1326 tentant,
282 1262 320 1316 ct
340 1255 471 1330 quidem
493 1255 650 1316 varietate
671 1239 824 1323 adhibito,
847 1250 1005 1328 quorica
1027 1252 1163 1314 remedii
1178 1258 1348 1319 socnovu

95 1368 173 1422 tete
197 1357 299 1425 citius
320 1365 487 1436 penetret
521 1356 627 1420 Semel
663 1357 824 1417 dumtaxat
842 1390 845 1408 ι
860 1355 1282 1420 humores-melanclmlicos
1296 1371 1347 1422 cx

93 1462 192 1522 liene
217 1461 357 1522 evellere
381 1461 590 1522 conctismnt.
634 1459 703 1519 lltsi
726 1465 833 1522 autem
856 1458 925 1518 otio
946 1459 1002 1518 tu‘o
1017 1457 1134 1520 ruinis
1150 1461 1346 1524 seobreub

94 1566 147 1627 uti
175 1565 301 1635 videor,
325 1563 406 1624 mibi
428 1571 561 1624 vernet
586 1560 761 1622 valetudini
784 1577 874 1622 mene
897 1563 993 1622 baec
1022 1559 1155 1623 dictans.
1183 1561 1224 1624 in·
1238 1564 1347 1626 celcra
1436 1641 1439 1648 Ι

92 1669 204 1730 febris
231 1666 338 1728 minus·
355 1673 445 1727 recte
468 1667 654 1726 ocrrsnlcre:
678 1662 755 1740 quio
776 1669 881 1725 nmen
904 1661 1019 1723 dubius
1033 1670 1091 1723 ‘est
1113 1662 1344 1737 oritusnoobi,

93 1775 163 1834 boc
189 1769 252 1832 tibi
272 1769 364 1832 volut
383 1776 544 1839 testatum,
568 1784 618 1829 me
640 1766 705 1829 inm
728 1769 812 1828 inter
835 1765 994 1844 prnrctpta
1017 1769 1078 1828 hoc
1097 1767 1260 1840 meditari,
1273 1785 1345 1846 ,quo

92 1877 200 1936 modo
225 1872 364 1951 singulis
385 1871 556 1934 momentis
579 1871 762 1940 accinctus,
790 1871 831 1940 ad
851 1869 1015 1947 quoslibet
1039 1870 1101 1932 Dei
1123 1865 1217 1934 nutus
1255 1871 1346 1935 enoi-

93 1977 245 2055 piendos
267 1983 400 2053 praesto
417 1992 469 2035 me
491 1975 625 2036 offeram.
672 1975 795 2034 lntcrec
828 1989 868 2033 ne
892 1975 937 2034 sis
967 1971 1346 2050 periculorummeomm

93 2079 259 2144 nescius:
296 2079 454 2143 communi
476 2078 612 2141 omnium
639 2078 732 2138 lamo·
754 2082 919 2154 receptum
942 2083 1120 2160 estpars
1154 2075 1239 2138 inter
1260 2078 1344 2139 duos

93 2199 199 2262 reges
224 2187 392 2251 transacta,
413 2187 499 2242 totos
522 2179 599 2240 belli
620 2178 759 2256 impetus
778 2178 828 2239 io
846 2196 905 2239 nos
942 2225 949 2239 .
974 2226 982 2240 .
1006 2226 1012 2239 .
1036 2225 1043 2240 .
1077 2195 1266 2242 conversum
1291 2183 1343 2255 iri,

93 2296 131 2348 ut
159 2285 322 2362 sanguine
344 2291 464 2354 nostro,
489 2282 641 2360 quicquid
663 2282 784 2360 piaculi
807 2283 979 2342 admissum
1004 2288 1064 2353 est,
1087 2283 1256 2349 sanciatur.
1297 2283 1343 2346 ln-

93 2399 194 2452 terea
219 2390 312 2459 scito,
335 2406 397 2449 non
420 2388 522 2465 magis
545 2387 594 2445 vel
617 2389 757 2447 locorum
781 2385 932 2446 distantia
954 2384 1092 2462 protegi,
1120 2386 1172 2446 vel
1195 2386 1343 2449 munitio·

94 2494 211 2563 nibuS,
237 2507 328 2567 quam
352 2491 381 2552 si
403 2493 436 2553 in
460 2498 572 2569 aperto
597 2507 708 2567 campo
729 2488 941 2563 dimicandum
965 2496 1061 2550 esset.
1098 2488 1240 2571 Philippi
1262 2489 1343 2563 lines

95 2594 227 2656 itinere
261 2600 381 2655 tontum
415 2592 505 2655 bidui
542 2611 561 2654 o
594 2592 695 2668 portis
717 2591 806 2652 urbis
844 2590 950 2652 dissiti
982 2599 1064 2658 sunt,
1090 2576 1177 2652 ¹lien
1193 2595 1341 2672 propior,

95 2698 198 2760 onius
223 2695 337 2774 copiae
371 2695 454 2757 intre
476 2697 640 2782 dimidium
663 2697 760 2755 horae
785 2692 922 2768 spatium
952 2697 1060 2783 urbem
1084 2703 1225 2782 nostram
1248 2699 1343 2759 attin·

95 2807 232 2879 gerent,
260 2797 350 2859 'unde
373 2797 519 2869 conticis,
550 2797 615 2859 'tion
631 2795 741 2859 “exilia
765 2791 857 2858 modo
878 2797 1139 2860 ilobis'timenda
1164 2782 1247 2870 esse,
1285 2802 1344 2862 sed

97 2904 275 2979 imminere
310 2901 547 2966 crudelissimos
576 2917 727 2980 quosque
759 2908 903 2972 mortes,¹
927 2900 1002 2978 quio
1037 2903 1069 2981 in
1093 2919 1187 2969 causa
1209 2903 1343 2981 piatatis

95 3008 217 3070 nullus
241 3013 327 3068 esset
350 3004 509 3066 saeuitiae
531 3005 660 3066 modus:
690 3019 752 3080 guo
775 3001 837 3066 tibi
858 3003 965 3067 minus
986 3006 1101 3068 acerba
1123 3005 1228 3068 rideri
1250 3007 1344 3069 debet

96 3118 159 3171 tua
183 3107 337 3178 conditio,
361 3108 434 3168 dnm
451 3115 489 3168 :te
512 3106 642 3177 alumni,
667 3121 746 3182 quos
769 3115 920 3168 senectae
932 3114 1006 3168 tuac
1030 3109 1207 3170 mercedem
1231 3126 1343 3186 repen-

98 3215 183 3274 dere
208 3212 358 3281 decebat,
394 3208 555 3271 hostiliter
577 3210 772 3288 impugnant,
807 3207 977 3280 hominem,
1014 3210 1194 3271 nonmddo
1235 3212 1343 3274 officio

96 3313 233 3378 nutritii
272 3331 392 3375 summo
413 3313 477 3377 fide
500 3319 531 3372 et
554 3311 723 3391 diligentia
763 3314 863 3388 probe
886 3314 1087 3374 defunctum:
1120 3314 1178 3373 sed
1212 3316 1344 3395 deytota

99 3421 205 3481 etiam
228 3415 374 3479 Ecclesia
408 3419 571 3496 praeclare
594 3415 750 3486 meritum,
787 3417 909 3492 quando
936 3416 1039 3488 vides,
1063 3416 1123 3479 hoc
1146 3415 1252 3480 multis
1268 3417 1343 3482 aliis

97 3529 211 3582 tecum
236 3537 311 3581 esse
334 3535 510 3590 commune,
535 3523 630 3594 atque
653 3517 734 3580 adeo
759 3519 858 3596 mihi:
883 3537 953 3580 narn
973 3527 1008 3580 ut
1034 3505 1085 3582 me
1108 3513 1287 3595 petulanter
1309 3529 1343 3584 ot

98 3623 335 3704 indignissime
372 3623 536 3702 exagitent
569 3607 711 3684 Rutulae
744 3619 886 3700 quidam,
922 3623 975 3684 vix
1007 3622 1066 3684 tibi
1101 3623 1253 3685 credibile
1287 3631 1343 3688 est.

97 3724 321 3803 westphalici
340 3725 561 3796 autemdicet
583 3726 694 3802 procul
717 3724 903 3796 incolantur,
927 3725 960 3786 in
983 3735 1167 3790 suatomcn
1191 3727 1342 3807 improbi-

101 3839 175 3892 tate
195 3828 349 3892 maionem
372 3836 525 3892 exercent
548 3827 915 3890 controme'lieentiam.
952 3831 1018 3908 ligo
1043 3837 1244 3908 autem,.·qua
1256 3832 1344 3912 cepi,

100 3937 142 3996 ad
161 3939 278 3994 nietam
302 3931 513 3994 nibilominus
533 3935 721 4010 properabo.
743 3933 782 3993 Et
803 3933 835 3992 in
860 3933 987 3994 Coenae
1001 3933 1138 4011 cuidem
1162 3941 1343 3996 contronen

100 4038 155 4098 sia
177 4049 241 4095 non
266 4035 357 4095 modo
392 4034 516 4096 inimici
544 4033 720 4098 ,mollitiem
743 4041 840 4105 tuom,
876 4053 967 4112 quam
992 4044 1127 4108 vocant,
1144 4037 1344 4104 calumniose

105 4138 285 4200 traducunt.
331 4138 404 4198 Sed
418 4139 531 4216 optimi
556 4153 681 4215 quoque
705 4139 810 4209 amici,
834 4143 866 4198 ct
889 4138 1000 4216 quite
1023 4141 1137 4210 colunt,
1160 4157 1222 4216 qua
1243 4155 1338 4202 mere

99 4243 150 4302 ris
174 4239 305 4318 pietate,
323 4248 494 4318 ¹cuperent
517 4241 633 4303 clarius
656 4243 777 4320 fulgere
802 4243 917 4320 ignem
931 4242 979 4304 tui
1003 4243 1089 4315 reli,
1113 4243 1205 4305 cuius
1224 4251 1342 4308 tenues

102 4343 263 4405 scintillas
287 4341 479 4419 despiciunt,
503 4345 651 4421 adeoque
673 4347 797 4408 calcant
820 4345 947 4407 barbari
969 4345 1028 4409 isti
1050 4347 1213 4425 Gigantes.
1247 4347 1343 4422 Quic-

105 4444 185 4522 quid
222 4448 395 4524 contingat,
432 4447 612 4510 fraternum
646 4448 728 4510 inter
749 4467 807 4510 nos
843 4446 982 4512 amorem
1018 4465 1151 4526 syncerc
1178 4455 1341 4518 colamus:

106 4548 199 4612 cuius
221 4547 384 4610 diliculum
405 4567 562 4626 uunquam
585 4552 782 4628 dismmpent
814 4551 901 4612 ullae
921 4553 1080 4615 Solbanoc
1102 4553 1249 4631 astutiae.
1285 4555 1343 4618 uc-

105 4661 178 4716 teor
199 4652 337 4731 quidem,
372 4669 442 4713 oum
464 4659 539 4716 ante
560 4669 618 4712 sen
642 4669 769 4716 menses
803 4653 914 4716 literas
952 4657 1186 4718 contubernalis
1199 4657 1256 4720 'tui
1278 4656 1341 4720 Hu-
