3020 5206
497 323 741 380 smrnrrruura
763 323 846 379 arom
867 326 942 380 raso.
1278 305 1345 380 m

104 483 336 548 Illustrtasr'mo
358 489 560 567 principiul
580 481 721 556 doniam
752 482 884 545 domim
911 479 1058 544 lateant
1078 479 1235 564 eilberto,
1267 469 1348 542 sistor·

169 585 466 668 Magattargensa
484 590 638 670 principi
656 596 805 648 onustae
826 590 935 666 gentis
956 583 1113 646 Henetus
1134 583 1280 656 Stercus,

5 737 6 786 1
104 687 235 754 domino
257 686 471 761 Eustochiae,
492 686 735 768 Stargcrdr'ac,
757 689 818 750 orb.
847 685 977 751 demitto
998 706 1056 750 orto
1069 687 1343 749 clementissmo.

5 907 6 924 ξ
191 846 266 906 Scio
289 843 518 906 celsitudinem
544 851 681 905 vestram
711 861 769 929 suo
799 842 989 920 gravissimo
1019 842 1140 912 iudicio
1172 851 1204 904 et
1228 843 1342 903 doctr-i·

5 955 6 1028 ]
105 966 213 1011 narum
244 949 350 1008 studia
375 946 510 1010 libenter
532 947 673 1008 excitare
708 954 741 1031 et
771 945 905 1008 eruditis
930 961 1020 1020 opem
1044 947 1142 1016 ferre,
1173 953 1277 1008 tamea
1309 951 1341 1004 et

5 1069 7 1118 5
104 1051 209 1111 debeo
256 1057 288 1111 et
327 1049 427 1111 habeo
463 1051 494 1110 C.
517 1049 553 1107 V.
589 1047 722 1126 gratiam
762 1047 847 1124 arrad
885 1049 1031 1126 scripsit,
1077 1048 1172 1110 etiam
1212 1055 1342 1124 propter

5 1141 6 1176 ³
105 1170 190 1214 meas
226 1150 341 1213 literas
377 1153 497 1213 maiore
532 1149 636 1212 studio
679 1153 874 1212 Tilemauum
915 1156 946 1210 et
983 1150 1085 1212 virum
1124 1157 1156 1211 et
1190 1151 1342 1210 artificem

5 1255 6 1316 3
106 1253 237 1334 dignum
261 1255 354 1316 laude
380 1257 522 1315 ornatum
547 1269 630 1314 esse.
674 1251 762 1314 Nunc
785 1254 850 1314 etsi
878 1253 945 1315 scio
976 1256 1034 1314 has
1066 1253 1343 1332 interpellationes

105 1359 224 1420 debere
250 1358 442 1418 verecundas
465 1373 550 1427 esse,
574 1363 677 1417 tamen
702 1356 876 1416 baldamo
900 1355 1009 1417 Sibero
1034 1355 1088 1433 qui
1112 1358 1209 1417 libros
1232 1355 1345 1416 carmi·

5 1479 6 1500 ³
105 1479 177 1521 nuru
201 1461 231 1520 G.
255 1461 292 1522 V.
316 1460 424 1530 mittit,
448 1477 502 1520 cur
524 1458 659 1520 scribam
682 1457 842 1534 intelliget
865 1460 895 1519 C.
920 1459 964 1529 V.,
994 1476 1062 1544 cum
1087 1458 1207 1534 aliquid
1231 1460 1341 1518 borum

5 1637 6 1644 ἵ
106 1565 279 1625 carminum
311 1564 433 1640 legerit.
479 1563 545 1622 Non
570 1560 900 1629 dubitoCelsitudini
931 1567 1057 1622 vestrae
1087 1567 1118 1620 et
1150 1559 1339 1622 suavitatem

5 1649 7 1680 ³
106 1683 211 1728 venae
242 1673 272 1726 et
298 1661 488 1744 elegantiam
513 1682 549 1726 ac
572 1665 728 1725 delectum
753 1681 855 1726 rerum
886 1664 1041 1740 voluptati
1065 1666 1142 1725 sore.
1186 1663 1341 1724 Existimo

6 1771 7 1780 ’
106 1775 216 1832 uotum
240 1785 315 1830 csse
339 1775 480 1830 atriorem
504 1769 572 1829 viro
599 1764 775 1829 clarissimo
795 1765 902 1841 Mylio.
933 1767 992 1828 Diu
1014 1773 1120 1828 noster
1142 1767 1195 1826 bic
1211 1765 1342 1826 Siberus

6 1915 7 1918 ,
105 1872 230 1933 utiliter
253 1873 370 1932 docuit.
414 1871 452 1932 Et
473 1869 579 1930 studia
600 1871 739 1930 moribus
763 1869 907 1930 honestis
930 1879 1027 1931 ornat.
1064 1870 1120 1930 Est
1144 1877 1175 1928 et
1196 1869 1343 1930 voluutas

6 2031 7 2034 ,
107 1975 178 2038 eius
201 1976 369 2044 laudando,
400 1975 483 2050 quod
517 1988 585 2034 cam
617 1974 698 2036 sciat
721 1989 836 2040 veuam
856 1975 917 2036 Dei
940 1976 1055 2034 donum
1080 1989 1170 2042 esse,
1202 1974 1342 2034 celebrat

5 2105 6 2108 ¹
107 2077 285 2156 praecipue
307 2061 410 2138 Deum
433 2083 465 2136 et
487 2076 548 2138 Dei
572 2077 666 2145 done,
698 2079 798 2136 bonos
822 2075 990 2152 principes.
1035 2075 1100 2136 Scit
1122 2083 1225 2137 autem
1251 2082 1341 2134 vetus

107 2180 219 2260 illud¹)
250 2182 282 2239 G.
313 2179 371 2238 V.:
410 2173 493 2260 Τιμῆ
526 2177 560 2240 δὲ
589 2175 626 2240 coi
653 2174 826 2259 πράγματα
855 2177 1043 2260 κρέσσοναἿ
1075 2185 1176 2241 ποιεῖ.
1220 2175 1341 2238 Talium

108 2283 298 2359 scriptorum
321 2277 426 2341 studia
456 2280 615 2342 incitanda
638 2288 709 2340 sunt
741 2280 920 2358 sapientum
944 2280 1120 2359 principum
1145 2287 1178 2339 et
1200 2279 1344 2339 testimo-¹

108 2383 171 2446 niis
196 2393 227 2444 et
250 2383 473 2445 munificentia.
519 2384 622 2456 Quare
645 2381 836 2446 eelsitudini
860 2389 986 2445 vestrae
1015 2387 1097 2444 hune
1121 2383 1271 2444 Adamum
1295 2397 1341 2441 re-

110 2493 256 2548 verenter
278 2487 473 2547 commendo.
511 2489 558 2546 An
582 2486 700 2546 viderit
723 2485 884 2548 Celsitudo
899 2493 1004 2546 vestra
1025 2485 1145 2546 veteris
1169 2483 1240 2545 sicli
1263 2461 1360 2559 figo-l

108 2607 171 2650 ram
195 2588 384 2651 dubitabam.
429 2589 506 2650 ldco
528 2590 617 2650 mitta
640 2589 754 2650 stolum
778 2588 855 2651 iusti
878 2589 1031 2666 penderis
1053 2587 1206 2670 videlicet
1229 2583 1342 2668 τετρά-

109 2695 251 2777 δραχμον
274 2701 306 2754 et
330 2694 494 2754 habentem
518 2691 764 2770 inscriptionem
788 2697 820 2753 et
835 2695 979 2770 symbola
1001 2694 1113 2776 quibus
1137 2691 1193 2753 illa
1212 2693 1342 2770 sapiens

110 2805 197 2860 aetas
219 2797 381 2858 delectata
404 2804 460 2857 est.
505 2794 604 2876 Virga
627 2798 754 2857 Aharon
778 2795 1145 2874 doctrinamsignificat,
1170 2795 1251 2856 calix
1276 2794 1344 2854 tiru-

110 2899 152 2962 ris
175 2917 283 2962 veram
307 2901 552 2961 invocationem.
597 2899 733 2975 Utroque
765 2901 862 2980 igitur·
885 2901 1028 2976 symbolo
1059 2897 1270 2976 significatum
1295 2904 1343 2957 est

40 3071 41 3076 η
110 3004 140 3064 iu
162 3021 226 3064 uno
250 3004 311 3063 boc
335 3003 453 3080 populo
477 3003 547 3062 veri
570 3001 624 3062 dei
647 3003 869 3072 sacerdotium,
902 3017 1004 3064 veram
1028 3000 1203 3062 doctrinam
1235 3005 1268 3058 et
1292 3014 1345 3057 ve·

110 3123 171 3167 ram
195 3105 428 3166 invocationem
453 3119 526 3166 esse
556 3111 588 3165 et
610 3104 668 3166 has
692 3121 829 3166 summas
853 3122 904 3165 res
927 3125 945 3166 a
968 3102 1230 3182 gubernatoribus
1256 3109 1342 3161 tuea-

110 3207 162 3268 das
194 3226 266 3268 esse
297 3214 328 3268 et
350 3209 547 3269 venerandas
577 3210 615 3269 ab
639 3209 794 3270 omnibus.
839 3207 923 3272 llaec
952 3224 1020 3268 oum
1058 3207 1151 3268 saciat
1180 3203 1342 3264 Celsitudo

113 3317 223 3380 vestra,
240 3314 403 3388 sperabam
429 3312 523 3372 etiam
547 3310 722 3392 gratioremz
741 3313 821 3370 hana
846 3328 1001 3370 nummum
1025 3308 1091 3370 iore
1122 3317 1153 3368 et
1177 3307 1247 3367 eius
1272 3326 1342 3366 con-

111 3413 261 3474 sideratio
285 3409 393 3475 multis
417 3411 512 3474 dictis
535 3415 566 3474 in
589 3413 724 3474 historia
746 3414 848 3474 lucem
874 3413 986 3474 adfert.

193 3515 283 3576 Mitto
307 3503 502 3576 celsitudini
526 3523 649 3576 vestrae
678 3515 826 3594 'pagellas
851 3517 1029 3591 exquibus
1053 3519 1226 3590 cognoscet
1251 3511 1342 3572 trobis

113 3615 216 3678 inlerri
246 3601 329 3680 nova
352 3617 434 3678 belle
467 3619 506 3678 de
536 3615 742 3680 invocatione
765 3619 958 3680 Mediatoris.
1005 3619 1116 3694 Magna
1138 3615 1342 3676 contentione

112 3719 259 3803 pegadii)
296 3721 414 3798 Pragae
438 3720 579 3796 cynicus,
602 3723 693 3782 cuius
717 3738 829 3782 nomen
854 3727 904 3780 est
927 3721 1093 3791 Canusius,
1118 3715 1218 3804 [dicit]
1244 3717 1342 3778 tilium

111 3822 169 3882 Dei
197 3841 259 3884 nou
293 3823 503 3886 invocandum
525 3842 599 3885 esse
631 3832 664 3885 ut
688 3824 914 3896 Mediatorcm,
945 3845 1013 3886 cum
1037 3833 1139 3886 tamen
1166 3821 1340 3899 Cyprianus

113 3922 209 3988 dicat:
249 3926 418 4009 interpello
443 3935 486 3998 te,
508 3926 554 3987 fili
576 3929 641 3998 dei,
671 3935 707 3991 ut
730 3947 786 4006 pro
810 3945 861 3990 mc
884 3930 967 4004 apud
993 3935 1114 4008 patrem
1137 3925 1341 4004 interpelles3

114 4029 166 4087 sed
187 4030 228 4088 de
250 4029 310 4090 bac
322 4032 540 4092 controversia
564 4029 709 4092 editurus
729 4049 808 4102 sum,
831 4031 904 4108 ipso
926 4033 994 4093 filio
1019 4030 1073 4092 dei
1095 4031 1272 4098 invocante,
1296 4045 1344 4086 re-

114 4129 294 4192 futationem
318 4132 421 4210 cynici
444 4133 654 4197 deliramenti.
700 4135 760 4195 Οι·ο
783 4142 887 4199 autem
911 4135 1006 4196 tilium
1030 4134 1081 4194 dei
1106 4133 1266 4196 dominum
1290 4151 1343 4190 no-

115 4239 205 4294 stmm
235 4225 361 4296 ihesum
384 4235 540 4298 Christum
564 4233 745 4298 crucifixum
770 4257 827 4313 pro
851 4237 942 4298 nobis
967 4243 998 4296 et
1021 4235 1258 4306 resuscitatum,
1288 4250 1343 4293 cu-

212 4421 239 4488 l)
258 4423 352 4474 Bionis
370 4424 447 4490 ldplt.
466 4423 538 4486 XVI,
557 4428 582 4476 2.

209 4508 236 4572 2)
255 4505 403 4576 κρέσσονα]
423 4509 462 4562 sic
480 4511 548 4563 Bion
566 4513 584 4561 l.
598 4513 635 4578 l.;
654 4513 680 4562 in
700 4511 821 4580 Serapeo
840 4513 867 4567 lr.
881 4511 898 4562 l.
918 4511 986 4562 laiso
1005 4511 1105 4579 legitur
1123 4507 1292 4578 ἤρειοστονα.

210 4597 240 4662 3)
254 4596 386 4666 pugnat]
405 4597 551 4664 legendum
571 4608 632 4650 esre
651 4599 775 4652 videtum
793 4603 943 4666 pugnatur.
1089 4600 1094 4609 '
