3116 5212
626 291 810 342 arrrnmx.
1295 276 1364 347 tle

579 485 713 558 Iacobo
741 487 904 598 Micyllo.

176 655 240 708 Ηῡῦ
260 656 393 723 scriplum
411 653 513 720 legitur
530 654 558 706 iu
577 653 675 711 Codice
694 633 1140 728 bibliothecae‘Wornigercdanae
1160 673 1242 724 supra
1262 659 1362 724 petr.

216 742 355 794 recensito
374 741 421 811 [ol.
435 742 532 796 lltn-,u

252 927 308 994 Dc
330 895 475 995 Camillis
497 927 716 1012 Augustanus
739 926 863 992 Iacobo
887 928 1029 1016 MicpIIo
1049 929 1143 998 Phil.
1165 879 1247 997 Mei.

196 1086 348 1148 Nesaeos
371 1085 510 1147 narravit
533 1101 590 1145 uos
613 1087 734 1159 petere,
756 1091 791 1147 ut
813 1103 920 1148 veram
931 1087 1097 1151 historiam
1121 1104 1260 1150 mearum
1283 1090 1359 1152 acti-

104 1203 210 1250 onum
236 1188 488 1266 augustensium
517 1189 555 1249 ad
578 1204 636 1250 vos
664 1188 866 1266 perscribam.
913 1191 1111 1270 Complector
1145 1192 1244 1273 igitur
1276 1213 1359 1256 sum·

106 1309 203 1352 tuam.
256 1293 371 1354 Caesar
404 1299 478 1354 ante
512 1290 631 1353 abitum
655 1296 795 1354 nostrum
829 1295 985 1374 praelegit
1019 1295 1217 1375 Principibus
1240 1301 1358 1362 nostris

107 1397 277 1471 quandam
300 1398 503 1468 sententiam,
539 1413 630 1473 quam
653 1416 712 1458 nos
742 1417 803 1458 non
828 1399 1015 1477 recepimus.
1062 1402 1171 1479 ltaque
1194 1403 1357 1466 doctrinae

106 1507 248 1562 nostrae
271 1500 431 1564 confessio
456 1509 487 1563 et
510 1501 587 1563 ritus
609 1501 823 1563 Ecclesiarum
846 1509 1022 1567 nostrarum
1044 1524 1102 1585 per
1125 1509 1231 1570 omnia
1254 1509 1356 1570 adhuc

106 1611 246 1666 manent
269 1603 302 1665 in
328 1607 442 1667 eodem
464 1612 558 1677 statu,
583 1605 614 1666 in
631 1622 693 1681 quo
717 1605 843 1667 fuerunt
867 1609 1033 1682 hactenus,
1058 1629 1141 1689 quae
1163 1620 1268 1678 autem
1290 1616 1357 1676 fue·

106 1710 172 1772 rint
198 1712 299 1802 verba
321 1711 501 1784 sententiae
525 1714 639 1788 postea
662 1713 847 1772 recensebo.
886 1710 976 1774 Prius
1000 1715 1085 1776 enim
1108 1719 1358 1796 commemorabo

107 1815 281 1888 quaedam,
313 1831 394 1892 quae
417 1819 662 1892 praecesserunt
685 1821 757 1888 post
780 1811 950 1878 lectionem
975 1799 1223 1882 confutationum
1247 1823 1359 1885 Caesa·

107 1915 281 1978 rianarum.
306 1919 422 1979 delecti
445 1921 519 1978 sunt
541 1915 666 1993 quidum
690 1916 910 1992 pacificatores
933 1940 995 1983 non
1019 1938 1058 1983 ex
1081 1927 1254 1988 autoritate
1277 1930 1354 1990 Gae-

108 2023 195 2082 saris
230 2023 288 2082 sed
310 2021 490 2100 principum
512 2015 643 2097 imperii
680 2025 799 2082 tantum
822 2023 1026 2098 permittente
1050 2028 1202 2100 Caesare,
1242 2035 1274 2091 at
1309 2029 1359 2091 illi

110 2125 343 2204 pacificaturus
366 2145 429 2190 non
452 2125 613 2187 habebant
633 2124 812 2188 mandatum
836 2127 1048 2190 concludendi
1068 2130 1200 2208 aliquid,
1224 2133 1358 2194 sedme-

109 2229 165 2290 dia
188 2229 281 2309 pacis
305 2230 486 2308 colligendi.
532 2228 578 2289 lbi
611 2246 668 2287 nos
701 2227 778 2288 talio
801 2231 907 2292 media
928 2235 1163 2309 proposuimus.
1209 2236 1354 2297 Ostendi-

110 2352 184 2396 mus
223 2355 283 2398 nos
317 2335 485 2415 Episcopis
509 2331 684 2393 reddituros
709 2348 781 2392 esse
810 2333 1064 2398 iurisdictionem
1088 2344 1121 2398 et
1144 2339 1357 2402 obedientiam

110 2448 292 2502 nostrorum
316 2441 523 2502 sacerdotum.
567 2436 644 2496 lton
667 2443 850 2497 servaturos
874 2453 932 2499 eos
956 2456 1031 2500 esse
1054 2455 1124 2501 oum
1147 2442 1230 2518 ipsis
1253 2442 1359 2505 omnia

113 2541 349 2615 indifferentia,
373 2545 454 2605 sicut
477 2541 585 2611 terias,
607 2537 740 2610 ieiunia,
765 2547 875 2602 cautus
899 2542 982 2619 pios,
1004 2543 1050 2606 ita
1072 2549 1179 2607 tamen
1201 2549 1236 2607 ut
1258 2562 1356 2624 pone·

112 2651 185 2708 rent
210 2649 293 2709 haec
315 2649 413 2708 verba
434 2645 467 2708 io
492 2643 549 2705 illa
571 2641 809 2727 pacificatione:
849 2644 910 2705 Nos
935 2645 1012 2710 talia
1035 2654 1167 2728 propter
1189 2664 1301 2726 pacem
1325 2656 1356 2711 et

112 2747 304 2812 charitatem
325 2755 509 2811 servaturos
534 2764 608 2807 esse
637 2763 698 2806 non
722 2753 756 2808 ut
780 2747 996 2812 conscientiae
1020 2750 1207 2832 obligentur.
1254 2753 1353 2816 Vicis-

113 2852 174 2912 sim
200 2861 306 2913 autem
330 2849 513 2930 petivimus,
536 2858 570 2912 ut
593 2851 687 2912 nobis
710 2853 922 2913 concederent
945 2854 1121 2918 doctrinam
1134 2864 1262 2918 nostrae
1277 2860 1354 2920 Con-

112 2955 282 3026 iessionis‚
318 2965 481 3034 utramque
504 2952 656 3029 speeiem,
691 2953 873 3032 coniugium
910 2959 1119 3032 sacerdotum,
1151 2968 1184 3022 et
1218 2968 1356 3024 nostram

113 3060 380 3120 consuetudinem
403 3057 519 3120 Missae
543 3059 763 3128 celebrandae,
796 3059 858 3118 boc
883 3064 941 3132 est,
977 3078 1019 3122 ne
1042 3080 1228 3141 cogeremur
1250 3066 1356 3142 priva·

111 3168 159 3224 tas
173 3165 288 3226 blissas
310 3165 490 3226 restituere.
513 3163 578 3225 liae
601 3163 803 3224 conditiones
820 3172 892 3239 post
913 3168 1026 3228 multas
1040 3167 1125 3230 rixas
1148 3171 1268 3230 relatae
1285 3177 1357 3232 sunt

113 3267 152 3326 ad
178 3271 405 3350 imperatorem
431 3277 461 3331 et
483 3286 544 3330 non
569 3273 737 3346 acceptae,
769 3267 848 3331 mibi
878 3269 1002 3348 quidem
1026 3274 1150 3334 videtur
1167 3269 1207 3356 (l)
1229 3271 1355 3350 utrique

113 3372 200 3444 parti
223 3373 324 3435 luisse
348 3375 535 3443 consultum,
560 3372 588 3433 si
613 3378 722 3432 essent
744 3374 951 3463 approbatae.
990 3374 1064 3436 Nom
1080 3373 1356 3454 etEpiscoporum

114 3475 271 3538 autoritas
294 3479 407 3538 luisset
431 3476 580 3548 stabilita,
606 3483 636 3536 et
660 3494 717 3537 nos
741 3477 1001 3551 impetrassemus
1017 3476 1209 3550 necessarie,
1234 3481 1273 3541 de
1292 3499 1354 3541 non

113 3581 311 3644 necessariis
334 3559 395 3644 non
409 3584 554 3645 volumus
578 3581 778 3642 contendere.
814 3581 929 3643 Postea
951 3590 1015 3643 tmn
1040 3584 1165 3660 qnidam
1190 3586 1268 3648 latui
1292 3585 1356 3645 dis·

115 3680 258 3756 siparunt
283 3704 340 3746 nos
364 3685 525 3748 deiecisse
549 3702 567 3745 a
589 3681 799 3744 Confessione
836 3691 867 3742 et
891 3686 987 3746 multa
1010 3687 1203 3759 adversariis
1226 3704 1356 3748 conces·

114 3785 209 3864 sisse,
234 3805 341 3849 verum
365 3791 470 3851 nullus
494 3785 645 3849 articulus
669 3803 840 3848 concessus
865 3796 914 3848 est
938 3790 1150 3862 adversariis,
1176 3807 1269 3866 quem
1292 3807 1354 3850 ma-

114 3907 259 3968 gnopere
284 3891 419 3969 oportuit
442 3893 624 3970 detondere.
670 3891 732 3950 Sed
755 3891 894 3952 Bucerns
918 3890 998 3952 hanc
1022 3893 1135 3954 lamam
1170 3891 1262 3953 initio
1285 3891 1354 3952 ubi-

116 4010 178 4070 que
202 4011 258 4070 per
280 3995 440 4069 Epistulas
465 3994 599 4074 sparsit,
622 4009 674 4054 me
697 3990 778 4054 nibil
802 4000 939 4056 moveat.
982 3993 1109 4056 Utinam
1132 3995 1194 4055 bae
1218 3993 1354 4056 conditi-

117 4112 195 4158 ones
233 4104 343 4160 essent
373 4104 532 4176 acceptae.
578 4097 760 4172 Priusquam
783 4104 887 4156 autem
922 4097 1037 4158 Caesar
1072 4098 1130 4158 bas
1153 4095 1353 4160 conditiones
1404 4131 1408 4139 ·

116 4218 177 4260 non
202 4201 338 4278 accepit,
362 4201 434 4260 tulit
459 4201 551 4262 talem
576 4199 777 4270 sententiam,
812 4197 845 4259 in
869 4215 930 4278 qua
960 4208 1057 4276 erant
1085 4200 1239 4278 quaedam
1261 4195 1353 4260 nobis

115 4304 316 4364 nullomodo
340 4305 573 4381 comprobanda
595 4310 701 4364 nostro
725 4319 891 4364 consensu.
915 4303 1041 4364 Summa
1065 4305 1145 4365 bueo
1163 4305 1237 4364 luit:
1261 4301 1350 4375 Quod

119 4409 234 4469 Caesar
256 4425 296 4468 ex
321 4408 493 4487 Evangelio
518 4410 687 4469 relutosset
711 4414 848 4466 nostram
872 4408 1069 4477 sententium,
1103 4383 1354 4468 sufficienter'et

119 4525 175 4572 nos
210 4511 241 4572 in
262 4511 450 4586 prrlbuadam
473 4514 566 4574 rebus
589 4510 841 4572 ostendissemus
876 4510 1043 4570 nouvelle
1067 4507 1254 4570 conlomrari
1280 4511 1353 4570 Cae-
