3116 5212
606 354 789 412 arcanam.
1269 346 1336 426 575.

180 527 239 588 Sed
262 528 373 590 aiebas
402 537 435 590 te
457 546 585 604 semper
612 531 741 592 istarum
763 530 1015 594 conciliationum
1038 535 1250 612 perniciosam
1272 539 1329 600 im.

97 630 244 705 pietatem
267 631 544 712 animadvertisse,
566 634 678 708 eisque
692 649 898 712 repugnasse.
931 636 1001 697 Scis
1026 637 1121 700 etiarn
1146 657 1238 716 quam
1262 658 1329 702 cre-

94 736 146 794 bro
169 742 368 812 praesentem
390 734 668 812 Adiapborismum
706 755 747 800 ex
777 739 841 800 imo
864 745 995 816 pectore
1027 747 1187 817 suspirans
1215 762 1252 805 ac
1273 763 1327 822 ge·

94 852 188 908 meas,
217 855 287 900 cum
309 837 400 915 gravi
432 840 562 914 querela
584 841 778 901 cruciatuum
800 841 1015 905 conscientiae
1039 851 1123 916 tuae,
1155 863 1192 907 ac
1224 865 1264 908 arr
1287 865 1327 911 eo

94 937 276 1002 oriturarum
299 941 451 1004 mulorum
484 941 650 1005 damnasti.
693 944 823 1022 Perlege
859 948 909 1005 vel
938 945 1061 1009 unicam
1083 948 1259 1011 orationem
1293 952 1325 1014 in

94 1039 221 1104 lsiuderi
244 1045 459 1122 promotione,
476 1063 537 1124 quo
553 1054 696 1124 tempore
718 1050 771 1110 val
794 1050 929 1111 maxime
951 1054 1122 1128 urgebatur
1143 1057 1182 1116 ab
1204 1057 1326 1130 arrlicis,

92 1149 264 1220 recitatam,
301 1167 392 1226 quam
426 1157 524 1212 totam
561 1156 669 1213 contra
699 1150 778 1214 istas
801 1153 1015 1217 fraudulentas
1040 1155 1222 1232 impietates
1251 1160 1327 1220 scri-

92 1251 193 1326 psisti.

173 1389 291 1452 Deinde
313 1391 478 1469 multiplex
503 1393 654 1471 impietas
676 1392 781 1472 ipsius
804 1395 1041 1474 adiaphorismi
1074 1397 1206 1460 cuilibet
1228 1400 1325 1460 e'tiarn

91 1491 210 1553 radiet
234 1493 384 1556 illiterato
409 1502 458 1555 est
485 1495 753 1568 manifestissima,
799 1497 869 1560 Alia
893 1499 974 1562 enirn
997 1518 1054 1580 per
1076 1518 1112 1563 sa
1135 1503 1233 1580 impia
1254 1507 1326 1564 suat

90 1601 123 1654 at
143 1595 251 1658 variae
274 1598 471 1675 corruptelae
496 1599 622 1659 articuli
660 1599 909 1664 iustificationis.
954 1605 1027 1666 Nam
1063 1604 1095 1664 in
1117 1603 1246 1665 Beiensi
1267 1606 1325 1665 Be·

88 1699 208 1761 denken
230 1708 305 1778 past
327 1701 521 1778 colloquium
543 1718 613 1763 curn
635 1703 806 1782 Episcopis
829 1705 913 1766 clare
935 1706 1119 1784 perticanam
1141 1703 1248 1770 solam
1269 1710 1323 1770 ab·

89 1799 221 1874 lecistis,
258 1808 288 1864 et
309 1819 365 1879 pro
390 1821 427 1865 ea
449 1804 576 1866 dixistis
598 1823 656 1867 nos
681 1823 756 1876 asse
777 1812 934 1888 {auscultat
958 1828 1014 1886 par
1029 1810 1186 1872 Christum
1210 1813 1323 1884 iustos,

88 1919 212 1980 operum
252 1910 472 1970 necessitatem
495 1909 690 1981 asseruistis,
726 1917 758 1970 et
787 1912 928 1989 denique
950 1913 1127 1976 admisistis
1150 1916 1244 1978 ctiam
1268 1934 1326 1993 pa·

86 2007 224 2084 pisticam
262 2011 552 2090 interpretationem
588 2013 764 2076 sentcntiae
798 2014 966 2091 paulinae:
1011 2016 1086 2077 Fide
1110 2017 1326 2080 iustificumur.

89 2118 118 2172 et
151 2113 229 2174 fides
268 2121 315 2176 est
352 2120 471 2176 tantam
509 2115 631 2177 initium
662 2133 720 2178 sea
757 2117 956 2195 praeparatio
980 2121 1135 2198 quaedam
1155 2119 1208 2182 ¹ad
1237 2121 1325 2182 iusti·

87 2215 160 2280 tiam
185 2224 243 2280 etc.
281 2233 354 2278 esse
384 2219 478 2280 etiarn
502 2236 618 2282 veram.
665 2221 708 2282 De
730 2223 843 2298 quibus
869 2222 1013 2284 omnibus
1037 2224 1227 2300 corruptelis
1263 2241 1323 2304 ego

87 2325 186 2382 tecam
210 2339 314 2384 coram
352 2340 419 2382 snrn
443 2324 611 2399 loquutus,
650 2341 719 2386 cnm
742 2341 792 2386 me
814 2325 874 2386 tibi
908 2325 1032 2402 aliquot
1055 2327 1248 2406 exemplaris
1271 2328 1325 2388 de·

86 2427 177 2487 scribi
201 2443 313 2489 curare
334 2427 467 2491 iuberes.
511 2430 574 2492 lsta
607 2445 685 2492 saue
721 2429 829 2492 ultima
852 2428 1040 2508 depravatio
1072 2429 1167 2494 etiam
1199 2429 1229 2492 in
1266 2431 1323 2492 im-

85 2545 209 2604 pressas
247 2529 380 2592 Isinderi
414 2531 572 2594 orationes
615 2533 776 2607 irmperat.
823 2531 884 2593 Sed
920 2540 992 2610 post
1014 2551 1102 2595 meas
1123 2534 1324 2612 aliorumque

87 2633 315 2696 admonitiones
340 2649 407 2696 eam
430 2633 528 2698 deleri
551 2637 693 2708 curabas,
717 2641 749 2696 et
771 2637 864 2698 aliter
886 2637 919 2698 in
942 2635 1085 2716 margine
1108 2638 1215 2698 notari.
1240 2636 1322 2710 Quid

84 2735 203 2799 reddita
225 2738 327 2815 Papae
352 2739 639 2817 episcoporumque
663 2739 883 2824 iurisdictione
906 2741 1120 2820 perniciosius
1144 2739 1323 2822 excogitari

84 2853 202 2915 quaeso
217 2837 347 2918 potest?
369 2846 460 2905 taceo
482 2842 555 2904 aliis
572 2861 628 2919 per
640 2863 713 2908 sese
735 2845 856 2926 impiis.
886 2847 1024 2923 Reliqua
1038 2860 1113 2907 vero
1129 2842 1244 2917 omnia,
1258 2850 1323 2906 tum

84 2943 325 3022 abnegationem
359 2950 423 3006 tum
445 2945 634 3020 scandalum,
670 2955 734 3010 turn
760 2948 1050 3012 et·incliaatioaem
1080 2946 1118 3010 ad
1139 2945 1347 3024 impietates.

84 3047 259 3126 papisticus
284 3049 455 3110 contineat.
486 3049 646 3126 perpende
667 3068 788 3128 quaeso
823 3051 878 3114 illa
900 3067 982 3128 qaae
1004 3052 1141 3130 ipsemet
1164 3048 1324 3128 scripsisti

83 3149 120 3212 de
144 3151 218 3214 istis
244 3152 353 3226 impiis
377 3149 540 3214 fraudibus
563 3153 594 3213 in
618 3151 759 3228 Epistola
782 3153 821 3214 ad
842 3151 1060 3226 Carlovizium,
1082 3151 1113 3212 ia
1137 3151 1267 3212 Beiensi
1291 3159 1323 3211 et

82 3252 155 3325 aliis
179 3253 357 3328 bedenlren,
395 3254 428 3314 in
451 3255 587 3318 consilio
623 3257 654 3318 in
679 3255 851 3320 camerarii
871 3257 957 3318 filiae
990 3255 1114 3334 nuptiis
1138 3255 1253 3329 scripto
1290 3263 1323 3318 et

84 3356 117 3415 in
144 3358 284 3434 epistola
307 3358 346 3418 ad
368 3357 632 3438 llamburgeases,
667 3359 837 3436 inquibus
873 3361 936 3423 ista
957 3360 1056 3420 verba
1078 3366 1194 3440 extant,
1226 3358 1323 3419 Multa

83 3463 196 3524 valens
213 3460 343 3539 largior,
366 3461 443 3524 item
460 3465 598 3544 utstaffea
610 3465 664 3532 titt
677 3466 790 3546 brettiga
803 3466 986 3546 gruiatqttgc
996 3465 1082 3544 iodea
1105 3464 1149 3540 lat
1160 3464 1221 3528 aba
1231 3465 1322 3541 gabaa,

82 3562 159 3626 ltam
170 3572 359 3642 praesentes
369 3567 562 3630 mutationes
575 3565 763 3631 contristant
775 3569 1202 3648 bonasmentes‚consnrnarrt
1214 3566 1323 3630 adver·

81 3667 183 3730 sarius
207 3668 242 3728 in
265 3687 322 3732 sua
345 3667 514 3744 impietate
535 3688 571 3734 aa
594 3671 711 3744 lurore,
734 3670 968 3750 languelaciunt
992 3677 1024 3732 et
1046 3669 1078 3730 in
1093 3671 1321 3733 dubitationem

81 3772 233 3838 inducunt
246 3772 363 3836 multas
376 3771 463 3851 pias,
476 3773 552 3836 ltern
565 3775 793 3852 gubernatores
811 3775 919 3837 conari
941 3774 1110 3848 restituere
1126 3771 1321 3836 ceremonias

83 3883 114 3936 et
136 3881 261 3942 umbras
284 3876 487 3955 discipliuae,
516 3897 578 3943 uon
602 3897 652 3942 res
676 3879 764 3955 ipsas
787 3880 968 3942 voluntates
992 3879 1157 3940 multorum
1185 3894 1224 3938 eo
1248 3891 1319 3954 spe-

80 3985 174 4050 ctare,
198 3987 233 4040 ut
255 3981 478 4042 inclinationes
502 3981 620 4044 iaciant
642 3984 679 4043 ad
704 3999 810 4044 omnes
833 3984 950 4044 abusus
972 3980 1164 4058 Pontificius,
1193 3981 1264 4050 fieri
1301 4000 1321 4044 a

80 4084 265 4157 potentibus
288 4085 548 4146 instaurationem
585 4086 761 4164 ineptorum
784 4088 918 4157 rituum,
953 4090 988 4147 nt
1022 4087 1174 4162 paulatim
1212 4100 1320 4146 ornnes

80 4186 323 4262 superstitiones
348 4189 568 4252 instaurentur.
603 4191 692 4253 Talia
716 4192 841 4267 inquam
857 4183 986 4267 propria
1002 4187 1121 4252 iudicia
1144 4205 1202 4267 per
1215 4188 1319 4250 Deum

79 4294 111 4348 tc
134 4294 268 4353 obsecro
292 4292 350 4355 tibi
372 4291 406 4353 in
430 4293 565 4354 animum
588 4312 713 4366 revoca,
739 4299 771 4354 el
794 4293 964 4371 diligenter
988 4291 1020 4351 in
1043 4290 1157 4353 timore
1179 4289 1241 4352 Dei
1264 4308 1318 4352 err·

79 4395 192 4469 pende.

162 4535 312 4612 Denique
335 4538 420 4600 nosti
445 4537 539 4599 aliam
561 4534 693 4613 ubique,
715 4535 771 4597 arbi
783 4533 947 4596 Ecclesiae
970 4533 1024 4595 dei
1047 4535 1219 4596 subversae
1235 4540 1319 4614 sunt,

78 4644 131 4700 tua
154 4639 326 4705 autoritate
361 4641 489 4719 tuisque
514 4637 723 4718 adiaphoricis
747 4637 877 4718 scriptis
903 4638 1105 4705 ‚coustantius
1142 4655 1179 4705 ac
1218 4638 1318 4715 zelam
