3072 5208
437 339 679 394 snaacauaarn
703 339 787 392 num
814 341 888 397 rouo.
1218 315 1287 396 ffl

63 495 186 574 reliquis
212 500 261 556 cst
282 495 437 573 aequalis,
461 502 494 556 ut
518 494 662 556 videatur
683 493 853 574 pollicibus
876 512 993 558 carere.
1023 498 1289 560 attentendum

62 601 180 678 quidem
208 602 422 663 intumescere
445 617 527 662 narno
549 599 610 660 utri
634 599 801 660 subsidere
824 598 960 664 videtur.
1003 603 1113 680 ltaque
1140 599 1224 664 vivit'
1247 587 1289 663 ¹e‘t

62 724 115 766 rron
137 703 224 764 vivit.
268 704 335 766 Hoc
357 704 475 765 idcirco
499 702 615 771 scribo,
635 707 669 764 ut
692 701 773 764 scias
795 718 846 762 rue
868 719 1009 765 meorum
1033 722 1161 782 quoque
1185 723 1289 768 eaeru-

62 807 107 882 plo
129 805 600 868 disuereoastra'astrononrioa
621 803 741 866 indicio
764 805 964 868 norroruaino
988 820 1070 869 vana
1092 823 1289 884 essequam-

61 909 215 970 admodum
240 909 340 970 nostri
364 909 465 970 vicini
487 907 652 974 sentiunt„
685 905 810 968 Interea
831 923 914 970 aarao
941 911 1021 974 1558
1045 909 1098 972 die
1120 909 1288 973 undecima

61 1014 249 1090 Septembris
271 1011 350 1073 hora
372 1011 496 1073 decime
518 1018 593 1074 unte
615 1011 781 1072 meridiem
805 1018 895 1074 natus
919 1019 969 1074 est
991 1014 1070 1076 mini
1094 997 1178 1076 alius
1191 1015 1288 1085 filius,

61 1116 104 1176 cui
131 1134 246 1179 nornen
281 1113 420 1196 imposui
451 1113 662 1194 Philippo,
696 1121 730 1176 ut
752 1114 849 1178 etiam
881 1115 940 1178 bac
968 1115 1001 1179 iu
1025 1123 1116 1194 parte
1139 1114 1288 1204 anemoria

60 1221 101 1281 tui
135 1236 261 1298 semper
291 1216 371 1282 mibi
406 1221 446 1280 ob
469 1220 580 1282 oculos
603 1223 795 1292 versaretur,
830 1221 887 1282 sed
907 1238 989 1285 auno
1006 1200 1130 1307 'aetatis
1154 1220 1290 1298 nondum

60 1332 179 1398 peracto
202 1323 344 1385 excessit
379 1339 420 1384 ex
441 1324 501 1385 hac
522 1323 598 1396 vita,
622 1338 734 1402 magno
757 1337 829 1386 meo
851 1324 974 1396 dolore,
1009 1323 1085 1400 quia
1119 1321 1288 1384 videbatur

61 1427 157 1488 intans
192 1445 255 1489 non
289 1428 485 1490 invenustus.
530 1426 631 1505 Spero
662 1431 768 1488 autern
796 1433 827 1488 te
861 1443 1043 1508 nonaegro
1068 1425 1290 1497 animulam,

61 1532 138 1606 quod
161 1531 325 1594 obtundam
347 1529 409 1592 tibi
426 1531 512 1592 baec
535 1545 604 1594 mea
626 1530 811 1593 domestica.
1010 1537 1013 1542 ·

517 2135 663 2230 uultu
698 2137 836 2232 aaut.
936 2155 939 2160 ’
987 2159 989 2168 ’
1041 2057 1044 2062 ¹

62 2417 127 2476 aaa.
161 2415 346 2528 &Q
391 2390 469 2494 (aa.
492 2419 547 2476 ax.
569 2439 597 2492 p.
620 2417 726 2492 uuae.)
1165 2419 1292 2481 raon.

1150 2501 1292 2538 ‘'W-⁴

108 2612 263 2705 Geuryiu
289 2611 478 2696 draconun,
510 2611 666 2680 Ductori
685 2612 800 2696 Iuris,
833 2615 986 2680 uectura·
1012 2610 1243 2696 Academiae
1273 2595 1275 2602 Α

596 2729 791 2826 Wateterp.

112 2878 281 2944 Quemquam
300 2893 386 2932 annua
405 2879 469 2931 ltuic
488 2878 624 2945 epistolae
644 2895 658 2930 a
679 2879 749 2930 clar.
770 2877 947 2930 Seidemauno
967 2895 1000 2930 ex
1020 2883 1189 2948 autographo
1208 2881 1295 2933 Tubu·

159 2964 222 3014 larii
240 2962 402 3014 Drradeuals
420 2965 573 3031 descriptae
593 2981 644 3016 oon
665 2965 773 3016 additos
793 2970 951 3026 esbiornum
972 2970 1046 3016 certe
1065 2981 1097 3016 ex
1118 2966 1239 3018 necanda
1259 2968 1295 3018 ti-

158 3049 217 3100 tulo
238 3048 421 3112 cognoscitur.
457 3049 579 3102 Craoovii
605 3048 674 3101 cuim
699 3055 851 3101 rectoratus
875 3049 1132 3105 d.1e.0u.1aoa.
1160 3053 1245 3104 initus
1269 3053 1296 3106 d.

160 3134 184 3183 l.
204 3131 270 3183 Maii
290 3134 365 3189 1560.
398 3133 471 3185 illius
495 3136 625 3203 temporie
648 3151 700 3186 usu
726 3135 870 3186 liniebatur
901 3135 985 3200 (eous.
1012 3136 1110 3188 Album
1135 3139 1297 3201 Academiae

161 3217 367 3288 Vitebeageuaia
388 3235 470 3289 supra
491 3237 518 3286 p.
535 3221 597 3276 458.
618 3220 991 3296 recommemorata).
1104 3258 1107 3268 ·

488 3428 491 3437 ι
509 3391 708 3476 (Inscriptio
730 3391 848 3483 deust.)

160 3547 191 3607 S.
216 3544 252 3606 D.
298 3545 467 3624 Magnifica
490 3546 520 3606 d.
544 3548 669 3620 licetur,
698 3555 731 3608 et
753 3548 858 3609 carias.
881 3547 986 3608 trater.
1031 3547 1092 3608 Oro
1121 3546 1297 3608 filiumdei

62 3649 223 3710 custodem
248 3645 411 3710 Ecclesiae
435 3664 523 3720 suae,
559 3657 594 3710 nt
618 3656 650 3711 et
688 3650 836 3733 militium
860 3655 947 3716 tuam
978 3646 1009 3711 ia
1044 3649 1130 3721 aula,
1175 3655 1207 3710 et
1239 3669 1298 3711 nos

62 3752 358 3832 ornnesffinbernet,
382 3755 415 3811 et
435 3752 492 3827 has
515 3749 665 3829 regiones
687 3758 842 3830 protegat.
886 3751 1031 3832 Formiani
1053 3751 1225 3826 Epistulam
1259 3754 1298 3813 od

62 3855 269 3922 Schraderum
285 3869 382 3930 paam
402 3855 565 3918 exhibebo
592 3856 653 3926 tibi
688 3861 720 3918 et
744 3856 908 3934 legendam
932 3861 965 3915 ct
988 3856 1227 3940 obsignaram,
1250 3861 1297 3918 te·

63 3973 122 4032 qtae
145 3953 206 4020 oro
229 3963 264 4018 ut
285 3960 325 4019 ud
347 3972 407 4020 nos
429 3960 468 4020 ad
491 3959 655 4036 prandium
682 3959 802 4021 venias.
829 3960 953 4020 luterea
977 3958 1058 4020 enirn
1080 3957 1222 4036 Epistola
1244 3959 1297 4020 dc-

62 4059 225 4131 scribetur.
269 4061 344 4123 Dixi
366 4061 406 4122 de
431 4063 597 4124 Consonsu
619 4062 858 4145 Academiarum
891 4076 972 4138 quae
1008 4066 1040 4121 et
1064 4067 1244 4134 recusant,
1269 4071 1301 4124 et

63 4148 262 4250 προςαγωγᾶ.
308 4167 442 4228 Caetera
476 4183 588 4242 coram.
633 4165 717 4245 Bene
747 4173 778 4228 et
811 4163 969 4227 foeliciter
992 4167 1069 4228 vola.
1114 4165 1168 4228 die
1201 4166 1298 4227 unde-

64 4269 141 4332 cimo
166 4267 312 4331 Ianuarii.

850 4369 1021 4448 Philippus

122 4689 175 4736 .=.¹
216 4691 231 4719 ,Ι
265 4676 341 4731 ..¹2
405 4704 409 4712 (
517 4671 555 4707 t„

100 4754 199 4809 supplan.
217 4757 335 4799 neta-etta.
