3084 5208
498 302 743 355 surrnnrtnrrrr
762 302 845 354 auru
873 302 946 354 rsaa
1284 281 1345 352 ua

110 467 169 520 tate
193 468 429 537 premerentur,
459 459 574 534 optimi
597 459 717 534 quique
742 474 782 518 en
804 459 891 518 urbe·
907 457 1002 534 primi
1029 474 1069 518 err
1092 457 1201 518 0111010
1224 463 1256 516 01
1281 462 1343 517 stu-

110 565 157 624 dio
181 565 212 625 in
237 583 314 625 suos
337 565 580 640 procurrebant,
602 569 638 622 ut
662 565 788 623 bostem
813 563 997 638 retinerent,
1019 561 1120 621 donec
1143 560 1228 621 insto
1253 577 1342 622 exer-

109 667 183 736 citu,
215 667 272 742 qui
294 667 358 728 iam
388 667 450 728 iarn
474 683 513 727 ex
538 667 624 727 omni
647 684 723 743 agro
754 666 949 733 confluebat,
983 680 1092 724 arcere
1116 670 1257 738 possent.
1304 666 1344 722 nt

108 770 157 830 isti
179 770 353 832 occasione
388 769 454 830 sibi
478 772 584 832 obtata
606 770 773 837 utendum,
808 767 1004 842 minimeque
1029 766 1236 828 cunctandum
1262 764 1343 826 arbi-

109 878 238 942 trantes,
265 873 296 932 vi
320 873 375 934 illa
397 891 472 942 sua,
497 880 529 933 et
552 872 659 950 copiis
676 869 935 932 instructissimis
952 869 1105 943 pauculos
1120 867 1202 930 istos
1216 874 1343 930 nostros

108 973 307 1036 tumultuarie
331 976 502 1046 collectos,
534 983 565 1036 et
589 975 651 1036 iarn
677 976 739 1036 iarn
761 979 966 1036 accurrentes
998 971 1181 1048 excipiunt,
1211 970 1338 1032 circum·

108 1079 190 1150 dant,
222 1085 256 1138 01
286 1078 460 1142 fortissime
490 1077 635 1153 quidem,
663 1078 722 1144 scd
751 1078 966 1152 nequicquam
996 1081 1193 1152 pugnantes,
1233 1075 1341 1136 crude-

108 1181 225 1242 lissime
259 1180 409 1250 caedunt,
447 1181 586 1258 denique
617 1188 650 1240 et
680 1183 784 1244 caesis
822 1178 1032 1242 cadaveribus
1069 1177 1144 1240 odio
1172 1177 1342 1255 religionis

108 1290 228 1346 nostrae
253 1283 398 1346 illudunt.
440 1287 546 1360 Atque
570 1285 654 1346 inter
677 1287 736 1346 bos
760 1283 793 1346 in
818 1283 920 1360 prima
945 1281 1119 1344 certamine
1141 1281 1264 1342 interiit
1281 1299 1343 1344 una

108 1393 133 1472 et
160 1385 352 1462 ZwingtiuS,
383 1403 477 1462 quern
511 1388 597 1448 nulla
628 1387 747 1456 libido,
778 1387 833 1448 sed
866 1385 1122 1455 commiseratio,
1162 1402 1249 1446 amor
1278 1390 1341 1443 stu·
1384 1401 1391 1406 ·

107 1491 250 1565 diemque
275 1488 433 1565 patriae,¹
450 1490 591 1551 bostium
615 1490 806 1560 crudelitas,
839 1488 1043 1566 Magistratus
1067 1488 1144 1550 item
1168 1488 1341 1558 decretum,
1372 1499 1375 1508 “

106 1593 240 1668 denique
264 1599 407 1654 extrema
430 1592 486 1654 itta
509 1593 627 1656 civium
650 1593 831 1654 necessitas
855 1599 1048 1662 armaverat,
1083 1599 1180 1666 atque
1203 1591 1234 1652 in
1259 1609 1341 1652 com·

107 1713 192 1756 mune
212 1695 397 1772 periculum
426 1713 494 1758 crim
525 1697 593 1758 suis
623 1704 805 1759 attraxerat.
861 1695 976 1756 Verum
1002 1694 1053 1754 bis
1078 1695 1151 1754 noio
1176 1711 1257 1756 nune
1280 1694 1341 1755 tibi

107 1815 173 1862 csse
196 1800 361 1860 molestus.
396 1798 483 1860 Haec
505 1807 610 1862 autem
633 1800 755 1870 scribo,
778 1807 812 1860 ut
835 1798 864 1857 si
888 1798 966 1873 quid
988 1797 1100 1858 borum
1123 1798 1206 1858 forte
1226 1800 1340 1867 obstat,

107 1903 267 1977 quominus
291 1919 425 1976 syncera
448 1904 489 1964 sit
512 1903 671 1974 amicitia,
704 1905 832 1964 tottatur
861 1919 943 1962 nuuc
972 1907 1070 1976 atque
1100 1901 1280 1976 dispareat,
1308 1909 1346 1961 et

106 2013 136 2066 ut
156 2023 251 2066 unum
275 2004 375 2068 simus
400 2007 432 2066 in
456 2006 582 2068 Christo
607 2014 638 2068 et
663 2026 723 2068 non
748 2005 811 2068 sint
831 2007 915 2066 inter
934 2021 991 2066 nas
1006 2002 1209 2073 offendicula,
1233 2005 1339 2064 simul-

107 2114 181 2170 tates
204 2117 237 2170 et
261 2108 474 2183 suspiciones.
511 2110 664 2172 Dominus
679 2109 769 2172 iesus
786 2110 842 2170 diu
859 2107 999 2170 tenebis
1015 2113 1120 2168 servet
1139 2107 1338 2172 ineolumem.

108 2211 210 2287 Iiguri
232 2211 345 2272 ultima
369 2212 507 2290 Augusti
532 2214 623 2274 1531

707 2297 863 2358 Henrieus
886 2295 1105 2376 butturgerus,
1129 2304 1209 2361 tuus

112 2487 173 2546 165.
206 2489 260 2544 No.
278 2485 366 2546 1719.
406 2485 484 2565 (vot.
499 2487 553 2545 ΙΙΙ.
577 2508 603 2561 p.
622 2485 704 2566 577.)
1213 2490 1238 2548 l.
1264 2491 1339 2564 Sept.

208 2569 381 2598 Μ

110 2665 260 2731 Ioannes
288 2659 500 2732 fridericus
526 2663 617 2730 Dure
643 2663 734 2732 aaa.
763 2663 913 2730 Elector
938 2663 976 2730 et'
990 2658 1189 2752 Philippus
1208 2661 1338 2732 Land-

151 2785 300 2877 pruaiua
327 2785 490 2852 Hecatae
518 2781 569 2851 od
594 2785 798 2853 Hearicurn
829 2785 928 2854 VIII.
953 2785 1091 2878 11091111
1116 2781 1286 2878 Anpliae.

170 2913 234 2972 Quid
255 2914 337 2965 buius
356 2913 491 2984 epistolae
511 2914 674 2966 scribendae
693 2929 787 2964 ansam
806 2914 927 2978 dederit,
947 2920 1072 2965 narratur
1090 2914 1211 2966 breviter
1229 2930 1244 2964 a
1264 2915 1339 2965 Bret-

201 3001 363 3052 schneidero
383 3001 410 3050 in
429 2999 631 3066 Prolegomenis
657 3002 681 3050 ei
701 3002 727 3051 in
748 3000 827 3066 Sorp.
847 2999 905 3050 1111.
926 3000 985 3053 Vol.
1000 2999 1045 3049 III.
1070 3002 1172 3067 patr.
1197 2999 1338 3069 praefixis,

200 3087 361 3154 pieninsque
387 3088 420 3137 ab
444 3083 618 3139 Hocbhnthio
648 3087 674 3137 in
701 3087 896 3138 dissertatione
922 3101 1006 3152 supra
1026 3101 1053 3150 p.
1067 3085 1125 3137 102.
1152 3086 1201 3136 sub
1224 3102 1264 3138 nr.
1280 3087 1339 3138 141.

201 3174 312 3223 laudata
339 3190 365 3238 p.
379 3174 431 3225 aaa
441 3189 510 3237 sqq.
560 3171 686 3240 Epistola
711 3173 822 3224 Ioannis
845 3171 978 3222 Friderici
1001 3169 1136 3222 Eiectaris
1163 3177 1190 3222 et
1217 3171 1338 3240 Philippi

202 3259 368 3326 landgravii
387 3259 495 3310 nomine
515 3275 549 3310 cx
567 3260 641 3312 illins
660 3261 789 3312 mandato
810 3257 1044 3310 abicianchtbone
1064 3257 1091 3308 d.
1107 3261 1130 3308 l.
1142 3255 1218 3327 Sept.
1233 3258 1339 3324 scripta

202 3352 227 3396 et
251 3346 285 3396 ab
310 3344 435 3398 Eiectore
461 3345 494 3398 ad
513 3345 715 3412 Landgravium
740 3346 825 3398 missa
850 3351 907 3407 est,
933 3350 963 3396 ut
986 3343 1020 3394 (10
1043 3359 1075 3392 ca
1103 3342 1247 3394 iudicaret.
1289 3343 1338 3394 Hic

202 3431 227 3486 d.
242 3435 283 3482 u.
296 3429 372 3498 Sept.
391 3430 508 3484 Stactari
528 3433 674 3498 rescripsit
692 3432 889 3500 proposuitque
911 3430 1029 3494 aliquam
1049 3429 1236 3493 mutationem,
1258 3445 1337 3494 quarn

204 3518 283 3568 etiarn
302 3517 411 3570 Elector
431 3519 551 3569 admisit.
579 3517 623 3570 Sic
641 3525 745 3570 mutata
760 3519 866 3568 demum
881 3517 908 3567 d.
920 3519 962 3568 25.
974 3515 1049 3583 Sept.
1062 3517 1096 3566 ad
1108 3515 1252 3567 chricum
1262 3517 1336 3566 VIII.

201 3601 299 3668 Regem
321 3603 437 3667 angliae
457 3605 540 3656 missa
559 3611 610 3656 est.
656 3605 711 3656 Hae
737 3606 842 3655 ratione
862 3603 1016 3670 explicatur
1036 3608 1062 3652 et
1081 3601 1135 3654 diei
1155 3603 1182 3652 in
1203 3602 1337 3668 epistolae

202 3689 250 3738 dne
270 3689 404 3756 adscripti
424 3698 451 3741 et
468 3691 612 3743 verborum
632 3693 690 3742 cius
710 3692 874 3752 diversitas,
895 3705 963 3754 quae
983 3688 1131 3740 intercedit
1148 3689 1336 3740 intertextum

204 3772 329 3841 Corporis
348 3775 407 3826 uer.
426 3777 487 3828 Vol.
501 3777 549 3830 III.
569 3793 596 3844 p.
609 3777 766 3842 5787-580.
792 3783 819 3828 et
837 3775 1049 3843 premeridum
1068 3774 1197 3826 Niedneri
1216 3789 1240 3825 a.
1263 3773 1336 3825 1858.

201 3875 227 3924 p·
245 3859 423 3923 aet-610„
445 3861 490 3914 ubi
512 3862 655 3914 Hoehhutb
676 3878 735 3912 eam
756 3862 940 3914 recudendam
959 3860 1073 3912 curavit.
1121 3859 1337 3913 ABretschnei·

200 3944 260 3996 dero
285 3947 356 3998 cuim
383 3948 542 4012 exhibetur,
571 3950 659 4014 qualis
685 3965 699 3998 a
723 3947 931 3999 Melanohtbone
957 3947 983 3996 d.
1005 3947 1028 3996 l.
1046 3943 1121 4011 Sept.
1149 3961 1182 3994 cx
1207 3945 1336 3995 mandato

200 4027 330 4083 Stentoris
356 4033 461 4100 scripta
490 4041 547 4096 est,
579 4035 612 4084 ab
639 4033 810 4085 Hocbhnthio
845 4039 934 4083 autem
965 4032 1018 4094 ita,
1050 4029 1138 4094 qualis
1167 4046 1182 4079 a
1209 4030 1335 4098 Philippo

201 4117 370 4183 landgravio
391 4125 494 4169 mutata
509 4127 535 4170 et
549 4121 721 4187 approbante
733 4119 858 4171 Electore
873 4117 906 4168 ad
920 4113 1063 4168 Heu'ricum
1076 4115 1149 4168 VIII.
1170 4115 1196 4168 d.
1208 4108 1249 4167 25.
1260 4113 1335 4182 Sept.
1375 4125 1377 4130 '

203 4205 283 4255 missa
302 4211 353 4255 est.
384 4205 630 4257 Bretschneiderns
649 4207 697 4257 1.1.
717 4222 746 4274 p.
761 4205 821 4256 578.
842 4209 907 4255 nota
920 4201 967 4266 *1)
988 4203 1022 4252 de
1037 4203 1187 4254 mutatione
1202 4204 1336 4270 epistolae

200 4289 400 4354 abandgravio
427 4291 571 4357 proposita
595 4291 800 4344 animadvertit:
832 4289 907 4350 „sed
932 4303 1066 4351 quaenam
1091 4287 1163 4352 (scii.
1184 4289 1252 4340 11010
1280 4305 1336 4341 mu-

202 4375 278 4440 tatio)
303 4375 400 4441 tuerit,
426 4393 459 4427 cx
485 4379 555 4430 actis
580 4394 632 4430 non
658 4375 849 4442 intelligitur.“
894 4374 926 4424 Ut
951 4374 1036 4426 lector
1061 4375 1131 4426 hano
1157 4376 1335 4428 mutationem

202 4470 324 4514 accurate
343 4471 502 4530 cognoscat,
522 4465 635 4515 eandam
656 4463 802 4531 epistolam
820 4477 855 4510 ex
874 4459 1039 4510 Hocbhnthii
1059 4461 1254 4513 dissertatione
1275 4463 1301 4512 h.
1316 4462 1334 4512 1.

204 4555 309 4614 repeto,
330 4548 431 4601 omisso
450 4555 542 4601 tamen
562 4549 640 4602 initio
660 4555 687 4600 et
702 4549 754 4598 fine
775 4563 834 4598 curn
853 4545 1074 4598 Brctschneideri
1098 4552 1176 4597 textu
1196 4543 1253 4597 iere
1273 4564 1335 4599 con·

204 4639 322 4697 gmente.
