3072 5208
228 345 296 417 aad
616 354 861 414 surrrrauaura
880 363 963 414 auru
985 367 1061 419 1544.

230 522 453 598 adoptionem,
478 535 561 594 quae
585 519 693 593 coepit
717 517 748 578 in
772 518 952 595 baptismo,
977 523 1126 582 evacuari
1143 530 1238 598 atque
1256 525 1378 585 irritam
1394 525 1459 585 fieri

230 644 292 688 nou
315 640 428 699 posse,
453 621 579 683 etiamsi
602 621 634 681 in
650 620 745 680 foede
761 619 841 681 vitia
865 627 897 680 et
919 620 1052 685 erimina
1065 631 1139 700 post
1154 626 1459 696 reconciliationem,
1522 647 1523 682 ς

229 745 310 806 quae
340 725 473 802 contigit
503 739 562 800 per
590 723 799 799 Baptismum,
828 725 985 796 labamur',
1018 728 1125 787 modo.
1142 727 1238 788 fidem
1271 732 1461 790 retineamus

230 840 261 894 et
291 831 377 892 serio
407 845 465 889 nos
502 827 698 888 emendando
729 827 767 887 ad
797 829 898 888 Deum
936 837 1164 890 convertamur.
1222 834 1262 893 at
1293 834 1376 894 fides
1405 849 1461 891 non

228 937 357 998 aliunde
381 933 542 993 efficacius
565 931 676 1000 alitur,
701 946 794 1004 quam
816 930 844 990 si
866 931 1117 994 misericordiam
1131 931 1195 996 Dei
1210 943 1242 995 et
1259 935 1462 996 dilectionem
1523 917 1524 944 ³

230 1039 291 1101 Dei
314 1051 390 1112 erga
413 1051 489 1103 nos,
514 1033 568 1108 qui
590 1033 697 1092 filium·
714 1049 803 1092 suum
828 1034 1026 1109 unigenitum
1050 1036 1187 1098 hostiam
1214 1055 1271 1114 pro
1295 1023 1391 1097 nobis
1414 1037 1461 1095 de·

184 1139 200 1150 ⁷
230 1142 293 1210 dit,
319 1127 375 1216 per
398 1153 490 1211 quam
513 1135 596 1196 Patri
619 1134 820 1195 reconciliati
844 1151 968 1205 sumus,
993 1139 1259 1216 contemplemur,
1285 1145 1317 1200 et
1341 1137 1461 1199 intimis

230 1242 328 1306 animi
350 1241 531 1301 recessibus
555 1239 731 1315 infigamus.
782 1237 944 1300 Formulas
968 1241 1077 1316 itaque
1108 1241 1321 1312 locutionum,
1353 1241 1463 1317 quibus
1524 1257 1525 1292 t

228 1343 403 1414 tunderis,
426 1343 628 1419 agnoscimus
652 1347 684 1400 et
709 1341 888 1418 recipimus.
923 1342 986 1403 Sed
1009 1347 1046 1405 ab
1067 1345 1117 1404 his
1134 1345 1362 1416 abhorremus,
1387 1360 1464 1420 quac

229 1465 288 1527 per
317 1445 454 1507 Ministri
483 1443 789 1506 administrationem
819 1462 933 1522 corpus
963 1447 1090 1507 Domini
1127 1453 1277 1523 tanquam
1308 1465 1370 1526 per
1406 1449 1462 1507 hoc

231 1552 367 1613 medium
398 1548 555 1624 applicari
584 1554 615 1606 et
645 1546 792 1608 exhiberi
823 1549 1031 1618 contendunt,
1067 1565 1135 1610 cum
1160 1552 1263 1626 gratia
1286 1571 1350 1612 uou
1375 1550 1463 1628 signo
1525 1591 1526 1620 ,

232 1657 274 1716 sit
296 1649 444 1730 alligata,
466 1651 587 1726 alioqui
612 1655 643 1709 et
666 1651 815 1711 infideles
839 1668 878 1711 ea
901 1649 1149 1728 participarent,
1175 1659 1207 1712 et
1231 1655 1307 1729 quia
1324 1653 1465 1714 Christus

232 1773 268 1818 sa
292 1758 395 1833 ipsum
419 1756 486 1815 suis
510 1753 674 1814 lrueudum
697 1753 750 1813 dat
772 1771 830 1830 per
853 1754 1003 1830 Spiritum
1028 1753 1194 1824 Sanctum,
1220 1755 1275 1831 qui
1300 1775 1360 1816 nos
1386 1754 1464 1815 exci-

232 1859 366 1939 tabitiu
390 1856 565 1918 novissimo
589 1856 642 1915 die
667 1856 843 1916 Romvlll.
887 1857 924 1916 Et
948 1875 1043 1932 quum
1066 1857 1224 1918 Christum
1249 1858 1281 1918 in
1305 1859 1464 1936 Baptismu

231 1962 414 2037 accepimus
437 1965 469 2019 et
491 1959 554 2019 fide
578 1959 609 2018 in
635 1973 674 2020 eo
693 1973 932 2035 permanemus,
957 1959 1101 2019 minister
1117 1976 1231 2036 panem
1249 1977 1374 2020 samum
1390 1961 1463 2021 mihi
1526 1953 1527 1956 ’

233 2065 364 2126 exhibet
386 2063 418 2122 iu
443 2063 706 2122 contestationem
728 2061 807 2132 Dei,
838 2062 920 2137 quod
953 2062 1097 2122 Christus
1129 2079 1186 2138 pro
1210 2079 1262 2122 ure
1285 2063 1328 2123 sit
1354 2081 1463 2140 passus

233 2175 265 2229 et
286 2172 445 2236 mortuus,
477 2165 636 2241 primitiae
666 2165 900 2242 resurgentium
925 2172 956 2225 et
980 2166 1064 2240 qrtod
1093 2171 1178 2226 totus
1204 2165 1350 2226 Christus
1382 2183 1465 2226 meus

233 2271 293 2339 sit,
317 2269 369 2330 ubi
394 2275 426 2328 et
445 2268 589 2327 vicissim
614 2284 675 2344 ego
698 2270 781 2328 hane
803 2269 899 2329 fidem
921 2269 1092 2329 universae
1114 2268 1279 2330 Ecclesiae
1303 2271 1464 2346 profiteor,
1527 2347 1528 2350 Ἴ

222 2375 372 2447 'ideoque
398 2387 509 2448 panem
533 2387 648 2447 corpus
665 2389 756 2432 suum
775 2371 873 2440 dixit,
898 2371 974 2447 quia
990 2372 1076 2432 salus
1093 2373 1172 2432 mihi
1187 2359 1322 2448 corpore
1339 2372 1464 2439 Christi,

232 2478 271 2539 ad
295 2475 379 2552 quod
402 2474 638 2550 respiciendum
660 2490 788 2550 semper
811 2481 876 2544 est,
906 2481 997 2551 parta
1019 2481 1084 2543 est,
1122 2481 1252 2550 peccata
1283 2475 1370 2534 enim
1403 2489 1465 2533 mea

232 2579 265 2640 in
288 2595 504 2655 corporesuo
527 2578 674 2654 pertulit,
705 2593 801 2654 super
829 2577 967 2655 lignum,
1004 2579 1103 2638 semel
1133 2593 1246 2655 passus
1277 2579 1384 2639 iustus
1414 2595 1464 2654 pro
1528 2598 1529 2668 p

232 2683 379 2752 iniustis,
402 2689 436 2741 ut
459 2699 517 2741 nos
541 2681 711 2742 adduceret
726 2683 814 2751 Deo,
840 2699 902 2758 quo
926 2682 1068 2757 peccatis
1091 2682 1207 2742 mortui
1221 2683 1290 2742 Deo
1313 2681 1463 2743 vivamus.
1528 2669 1529 2682 ¹

232 2787 320 2848 Haec
341 2786 422 2845 fides
446 2787 545 2843 semel
569 2792 719 2860 suscepta
741 2802 803 2845 nou
828 2786 970 2854 iteratur,
995 2785 1080 2860 quod
1104 2783 1160 2859 qui
1184 2785 1283 2845 semel
1309 2785 1465 2845 beneficia

234 2888 354 2950 Christi
368 2893 560 2964 agnoscunt,
584 2905 645 2947 non
661 2888 798 2964 amplius
815 2887 977 2956 esuriunt,
1002 2894 1033 2948 at
1054 2888 1249 2948 incremento
1266 2903 1346 2964 opus
1364 2889 1465 2955 habet,

233 3009 273 3054 ne
298 2991 435 3052 assiduis
459 2990 690 3051 tentationibus
706 2989 843 3051 Satanae
866 2993 1120 3059 succumbamus
1149 2990 1203 3065 qui
1219 2989 1315 3049 fidam
1330 2997 1465 3050 nostram

233 3097 405 3172 impugnat.
457 3096 568 3171 ltaque
592 3111 693 3156 coena
715 3095 866 3164 iteratur,
897 3109 979 3170 quac
1006 3098 1142 3154 testetur
1166 3101 1197 3152 et
1220 3092 1391 3153 admoneat
1413 3109 1465 3153 nos

232 3199 459 3260 beneficiorum
477 3200 555 3268 Dei,
579 3197 702 3275 gratiae
726 3204 757 3258 et
781 3197 1038 3266 misericordiae,
1063 3203 1095 3256 et
1111 3196 1196 3270 qrrod
1215 3197 1360 3256 Christus
1376 3197 1464 3258 nobis

157 3359 165 3372 ,
234 3297 276 3361 sit
305 3300 467 3361 exhibitus
498 3300 614 3378 pignus
644 3309 771 3363 nostrae
804 3301 933 3369 salutis,
965 3317 1028 3375 quo
1059 3299 1232 3359 suscitetur
1262 3305 1294 3357 et
1325 3299 1465 3359 foveatur

234 3403 374 3463 scintilla
404 3403 498 3473 fidei,
530 3421 623 3479 quam
654 3411 727 3466 ante
758 3406 896 3465 Coenam
926 3401 957 3463 in
990 3410 1122 3479 pectore
1153 3401 1275 3470 habeo,
1307 3403 1378 3462 sine
1410 3417 1465 3477 qua

235 3507 331 3567 etiam
362 3523 423 3566 non
454 3514 502 3567 est
532 3507 693 3577 Christus,
724 3509 773 3567 cni
806 3507 836 3568 in
861 3507 1024 3583 Baptismo
1055 3523 1122 3566 sum
1153 3505 1286 3574 insitus,
1320 3511 1352 3565 et
1379 3523 1464 3582 quam

234 3609 360 3669 Paullus
384 3615 458 3669 ante
482 3625 570 3670 esum
595 3611 821 3687 explorandam
845 3611 954 3680 docet,
979 3605 1110 3690 (priscis
1134 3610 1230 3669 etiam
1255 3607 1400 3684 patribus
1424 3625 1465 3667 or-

234 3711 386 3772 thodoxis
413 3713 581 3772 consuevit
612 3713 798 3775 solennibus
829 3713 936 3774 uerbis
967 3711 1115 3792 Χριστοῦ
1145 3707 1189 3793 (i)
1221 3711 1251 3771 in
1282 3727 1318 3786 re
1348 3723 1464 3772 coenae

234 3820 267 3873 et
298 3829 336 3874 eo
367 3815 450 3890 quod
481 3815 562 3874 fides
592 3816 704 3876 nititur
732 3831 852 3878 coenae
887 3818 1025 3877 aetionis
1059 3815 1252 3876 mentionem
1284 3816 1466 3881 habuenmt,

236 3933 329 3992 quam
353 3963 359 3975 .
386 3966 391 3976 .
417 3965 423 3976 .
448 3917 492 3996 .¹)
516 3918 687 4001 admonet).

320 4019 381 4078 Oro
404 4021 447 4080 mi
471 4019 636 4097 Philippe,
667 4011 743 4082 boui
774 4024 905 4082 consule
936 4019 1152 4097 prolixitatem
1183 4033 1303 4087 meam,
1335 4019 1364 4078 si
1390 4033 1464 4083 erro,

234 4121 402 4184 dummodo
425 4128 544 4183 tantum
569 4140 669 4183 errem
693 4126 764 4184 siue
788 4124 932 4201 periculo
956 4123 1106 4191 aliorum,
1138 4119 1280 4198 corrige,
1313 4123 1467 4195 obsequar

234 4226 360 4294 lubens,
383 4225 539 4286 medelam
562 4226 713 4287 adhibeto
737 4233 768 4286 et
792 4226 944 4302 quicquid
968 4223 1130 4293 rescribis,
1155 4229 1221 4283 tuto
1247 4221 1373 4293 scribis,
1396 4237 1462 4283 uam

235 4343 350 4389 areana
380 4336 486 4390 nostra
518 4331 597 4390 nolo
621 4329 731 4406 prodi,
760 4329 1016 4408 modo-ellicias,
1048 4334 1082 4388 ut
1111 4316 1179 4387 tuto
1208 4325 1322 4387 literae
1352 4327 1392 4387 ad
1420 4339 1465 4384 me

236 4431 442 4508 perferantur.
495 4431 527 4491 Si
558 4433 709 4508 'ligurum
739 4431 888 4502 ueniunt,
923 4430 1000 4492 mihi
1032 4429 1209 4489 reddentur.
1267 4427 1391 4491 Habeto
1419 4439 1465 4488 me

236 4573 313 4582 ...μ-κ-
344 4571 441 4577 ..μ-...ψ-

326 4657 352 4720 l)
378 4655 407 4706 lt.
421 4655 439 4703 l.
461 4656 562 4704 omissa
582 4655 672 4704 scriba
691 4654 782 4718 legere
804 4669 855 4704 uon
875 4655 972 4720 potuit.
