3116 5212
238 321 315 394 m
738 343 922 405 tremat,

238 501 434 578 &boloniae
446 500 625 564 meretricis
648 501 849 568 amauricus.
864 507 896 568 ot
911 500 1123 570 collusoribus
1146 503 1348 582 coniungere.
1378 504 1473 575 Quare

242 605 316 668 veni
353 606 413 666 boso
447 607 541 667 rebus
561 604 818 685 Evangeticcrum
841 605 1055 673 confitentium
1077 605 1204 681 penitus
1241 605 1346 676 tractis
1370 623 1407 676 aa
1429 605 1475 664 de·
1549 647 1550 706 ἶ

242 708 389 785 speretis,
412 727 480 770 curn
514 709 574 772 iam
597 707 813 772 haeccivitas
851 709 973 787 integro
998 708 1123 772 biennio
1162 708 1343 786 proscripta
1363 708 1475 780 luisset.
1549 711 1550 790 t

244 813 284 874 At
319 816 353 873 tu
399 817 506 874 contre
537 829 604 874 cum
636 816 668 872 et
702 817 775 876 ante
811 811 922 876 cottum
952 813 1031 890 plus,
1049 810 1162 883 millies
1199 829 1249 876 me
1272 829 1399 892 quoque
1422 830 1478 877 non
1549 797 1550 826 ³

238 932 309 978 raro
332 914 488 988 audiente,
512 914 647 978 dixisses
672 920 705 976 et
726 915 918 991 scripsisses,
953 915 987 978 Si
1008 915 1079 994 quis
1099 915 1181 985 aliud
1205 916 1408 997 Evangelium
1430 918 1476 978 dc-

239 1021 351 1098 ouarit,
371 1037 442 1082 eum
466 1023 610 1098 anquam
624 1018 788 1084 anathema
809 1019 1026 1084 detestandum
1046 1019 1291 1100 fugiendumque
1314 1039 1397 1099 esse,
1413 1039 1480 1082 nos-

246 1139 306 1201 que
329 1123 472 1186 hortatus
495 1139 595 1206 esses,
618 1127 651 1184 ut
674 1126 865 1202 constantes,
899 1121 954 1184 lidi
984 1126 1015 1184 et
1039 1122 1207 1201 diligentes
1245 1122 1325 1198 boni,
1344 1125 1481 1204 depositi

242 1234 482 1288 conservatores
506 1241 658 1296 essemus,
682 1229 865 1288 exhortatus
886 1225 961 1291 item
984 1241 1074 1291 esses
1100 1225 1311 1307 magistratus,
1334 1233 1370 1288 ut
1384 1231 1477 1294 Evan-

239 1327 325 1409 gelio
347 1328 507 1407 aperirent
528 1334 634 1407 portas
657 1336 713 1391 etc.
745 1333 874 1408 tutaque
897 1327 1034 1406 hospitia
1056 1331 1187 1404 Ohnsto.
1208 1335 1415 1412 praeberent,
1452 1338 1481 1394 et

239 1440 402 1510 propterea
424 1434 545 1510 quidvis
568 1437 818 1511 perpeterentcr.
864 1433 1012 1498 Similiter
1036 1441 1158 1496 etcum
1193 1433 1263 1497 initi
1286 1435 1364 1498 belli
1386 1437 1480 1512 publi-

244 1537 290 1598 cis
313 1537 439 1614 soriptis
461 1539 500 1600 ad
524 1538 668 1618 Slesitas‚
692 1539 862 1610 Bobcmos,
895 1536 1065 1616 sagionem
1090 1539 1255 1610 electoris,
1290 1539 1481 1615 praelatione
1549 1551 1550 1586 t

241 1641 384 1722 {bombat
407 1642 519 1720 tutiori
532 1639 556 1726 ¹)
580 1646 611 1704 ct
626 1642 821 1705 correctione
842 1639 941 1702 libelii
957 1640 1053 1710 Menii
1076 1647 1252 1704 nostrorum
1267 1641 1480 1704 defensionem
1549 1639 1550 1710 i

239 1747 421 1824 probasses,
444 1746 759 1824 adversariorumque¹
779 1749 922 1807 conatum
951 1746 1229 1824 persequutionem
1253 1763 1326 1826 csse
1348 1763 1478 1825 pronun·
1549 1733 1550 1810 i

239 1851 366 1928 nasses,
402 1851 496 1922 liaeo,
533 1849 670 1928 inquens,
705 1850 901 1925 comprimo
924 1848 1070 1928 fecisses,
1109 1857 1224 1928 postea
1248 1857 1353 1912 tamen
1375 1849 1479 1912 tractis

239 1952 460 2032 inclinatisque
482 1954 666 2024 miserorum
688 1952 944 2032 Evangelioorum
967 1955 1072 2032 rebus,
1096 1962 1170 2033 post
1191 1962 1257 2020 tote
1278 1954 1393 2017 damna
1415 1963 1477 2016 tan-

240 2061 366 2134 tumque
389 2057 577 2136 sanguinem,
597 2057 718 2138 piorum
741 2057 883 2128 effusum,
915 2056 1052 2134 coepisti
1074 2061 1193 2118 mutare
1216 2057 1409 2122 sententiam
1431 2060 1478 2120 oet

240 2163 334 2225 verba
357 2164 450 2222 certe.
495 2161 625 2237 Ottoties
661 2165 692 2222 et
727 2160 759 2222 in
783 2165 890 2225 nostra
911 2161 1079 2223 obsidione
1114 2169 1146 2222 et
1182 2165 1254 2223 ante
1277 2179 1339 2222 non
1364 2167 1479 2224 tantum
1549 2167 1550 2186 ¹

244 2263 344 2328 hosce
366 2262 612 2344 concionatores,
647 2267 702 2330 sed
732 2269 764 2326 et
787 2270 884 2330 totam
907 2264 1061 2334 civitatem
1093 2269 1240 2342 tanquam
1263 2265 1395 2326 alterum
1420 2283 1480 2326 nro·

237 2367 407 2434 casterium
430 2367 629 2432 variisdietis
653 2373 684 2430 et
706 2369 926 2431 scommatibus
948 2366 1073 2446 publice
1097 2373 1128 2428 et
1151 2367 1295 2446 privatim
1319 2367 1352 2428 in
1375 2369 1480 2432 lectio-

237 2471 339 2550 nibus,
364 2471 571 2536 concionibus
595 2476 626 2532 et
648 2472 769 2548 scriptis
791 2471 1025 2552 damnaveritis,
1063 2475 1176 2548 norunt
1212 2471 1236 2532 ii
1267 2489 1393 2543 omnes,
1428 2472 1480 2551 qni

237 2585 305 2640 tuas
327 2575 493 2654 lectiones,
515 2575 641 2639 Maioris
658 2582 696 2638 -et
709 2575 872 2646 Pomerani
887 2577 1064 2647 conciones,
1076 2575 1152 2637 item
1167 2575 1357 2656 Pleffingeri,
1369 2576 1479 2638 Danie-
1549 2583 1550 2606 ¹

236 2677 277 2740 lis
303 2685 334 2742 ct
356 2677 435 2740 Mori
458 2679 621 2743 audierunt
644 2678 784 2741 etmulti
806 2684 970 2745 testantur.
1016 2682 1049 2740 ln
1076 2679 1274 2756 damnatione
1297 2679 1335 2742 M.
1351 2673 1476 2742 Gabrie-

199 2766 202 2771 ’
237 2780 290 2859 ns,
315 2780 491 2856 nicaeam,
516 2783 741 2861 christophori,
762 2784 891 2847 navias
916 2789 948 2846 a
982 2783 1126 2860 inprimis
1152 2783 1226 2846 rona
1255 2783 1340 2844 intus
1363 2781 1479 2845 norm
1549 2799 1550 2844 t

239 2885 356 2946 diserte
377 2893 409 2947 et
431 2894 570 2949 nostram
581 2885 795 2950 defensionem
818 2887 981 2959 damnasti,
1006 2893 1037 2948 et
1059 2888 1183 2950 illorum
1200 2886 1479 2965 persequutionem
1549 2871 1550 2874 ¹

244 2989 435 3064 approbasti.
477 2989 595 3063 Quibus
616 2991 789 3057 rationibus
820 2997 851 3055 et
873 2995 1117 3072 persequutores
1140 2989 1254 3052 Christi
1288 2990 1321 3050 in
1347 2991 1414 3053 suis
1437 2996 1478 3050 te-

225 3091 487 3187 ‚trisseelaribus
510 3094 690 3174 nefariaque
713 3094 952 3174 impoenitentia
975 3094 1178 3174 confirmasti,
1200 3102 1231 3156 et
1247 3093 1480 3174 generationem

239 3195 362 3272 piorum
377 3198 540 3270 damnasti,
565 3207 595 3262 et
617 3203 650 3259 te
671 3200 807 3260 omnium
828 3197 951 3264 illorum
969 3209 1182 3278 peccatorum,
1204 3201 1267 3265 imo
1292 3206 1324 3261 et
1340 3197 1479 3260 omnium

238 3297 360 3374 piorum
383 3299 542 3378 sanguinis
572 3300 644 3372 'ande
669 3306 706 3364 ab
730 3302 807 3373 Abel
830 3309 912 3368 toste
935 3304 1060 3368 Christo
1100 3308 1196 3379 atque
1232 3305 1313 3365 adeo
1343 3302 1477 3364 omnium

239 3402 426 3470 antichristi
461 3403 654 3482 impietatum
692 3421 782 3474 reum
805 3403 1054 3482 participemque
1083 3404 1206 3485 fecisti,
1242 3407 1327 3484 quod
1365 3403 1480 3467 utinam
1549 3431 1550 3482 3

240 3524 396 3585 agnosces
419 3524 509 3584 quam
533 3511 573 3570 sit
593 3517 706 3572 tetrum
730 3517 760 3571 et
783 3509 971 3570 horrendum
993 3514 1165 3588 peecatum.
1549 3491 1550 3568 t

324 3649 427 3721 Quare
450 3663 511 3725 ego
546 3655 577 3710 te
599 3665 655 3725 per
677 3648 841 3710 Dominum
864 3649 980 3728 Iesum,
1002 3664 1124 3726 perque
1146 3653 1231 3712 tuam
1254 3648 1387 3723 salutem
1425 3648 1480 3709 ite·
1549 3687 1550 3714 t

236 3767 303 3810 rum
328 3753 423 3826 etque
446 3749 559 3811 iterum
583 3752 715 3812 obsecro
738 3769 774 3812 ac
797 3754 947 3829 obtestor,
970 3759 1005 3812 ut
1021 3751 1209 3829 perpendas,
1225 3755 1340 3828 quanta
1365 3767 1420 3812 res
1443 3751 1484 3814 sit

237 3861 363 3913 errores
386 3851 418 3912 in
442 3850 582 3914 Ecclesia
606 3855 763 3929 sparsisse
785 3862 816 3916 ct
838 3853 921 3916 nolle
944 3852 1065 3916 diserte
1097 3853 1248 3920 aoclano
1280 3868 1336 3914 eos
1363 3855 1483 3934 tollere,

237 3961 355 4032 quanta
379 3973 448 4016 cum
471 3955 660 4034 Babylonica
682 3956 804 4020 Thaide
833 3955 1010 4028 collusisse,
1049 3957 1189 4021 infinitos
1211 3955 1330 4018 Christi
1353 3956 1483 4032 pusillos

237 4057 477 4132 scandalizasse,
503 4061 740 4141 languefecisse‚
763 4061 978 4136 contristasse,
1018 4067 1049 4122 et
1084 4062 1114 4123 in
1137 4059 1362 4136 dubitationem
1397 4062 1483 4125 indu·
1549 4067 1550 4074 ’

228 4163 333 4238 aissa,
356 4163 440 4241 quod
461 4163 597 4242 ipsemet
619 4165 650 4228 in
673 4171 727 4231 tna
749 4167 968 4230 adhortatione
991 4165 1108 4244 scripta
1129 4166 1160 4237 in
1185 4163 1300 4258 nuptiis
1322 4164 1409 4246 filiae
1428 4167 1483 4225 Ca·

236 4263 360 4330 socrati
382 4273 517 4330 testatus
541 4286 587 4346 es,
612 4274 727 4347 quanta
749 4287 800 4335 res
822 4275 949 4350 pomam
972 4270 1187 4334 contentionis
1211 4267 1309 4354 (sicut
1345 4268 1483 4353 ipsemet

238 4365 511 4444 adiaphorismom
546 4371 576 4432 in
601 4375 741 4444 oratione
765 4373 897 4444 isinderi
920 4372 1053 4460 vocasti)
1086 4373 1145 4453 sit,
1175 4375 1207 4436 in
1229 4373 1401 4446 Ecclesiam
1426 4375 1472 4435 De

239 4557 444 4572 *Ut-m-

323 4661 352 4730 l)
370 4662 439 4714 Vide
459 4661 542 4732 Gcrp,
559 4664 621 4718 aot.
641 4665 689 4718 Vl.
708 4683 738 4735 p.
753 4667 811 4722 1⁹0.
