3072 5208
475 359 721 424 surrunnnnr'n
739 361 821 424 anot
843 360 917 427 lato.
1237 340 1312 427 did
1412 418 1415 422 ,

167 527 331 589 Praeterea
354 528 392 587 ad
415 527 528 588 iudicii
552 530 683 588 sormam
706 525 863 604 pertinet,
895 527 982 590 cerlo
1008 531 1178 601 constitui,
1210 536 1249 592 ari
1273 543 1313 592 ex

15 669 17 706 ,
95 629 152 687 inre
173 630 297 701 divino,
328 647 367 692 en
392 629 545 708 symbolis
571 636 601 688 et
624 631 721 691 celtis
754 631 949 694 testimoniis
981 633 1146 696 doctrinae
1176 634 1312 710 Aposto-

15 725 16 778 ἶ
93 733 178 792 lorum
207 734 471 808 pronuntiandum
502 734 560 802 sit,
591 749 629 793 an
659 745 735 793 vero
766 751 805 795 ex
833 734 957 796 recenti
987 737 1219 798 consuetudine
1243 735 1313 797 ser-

92 841 240 896 centorum
266 854 436 907 annomm,
462 844 493 896 el.
513 835 677 906 Decretis,
702 847 783 912 ptrue
808 846 861 898 aiot
886 851 923 898 ex
949 838 1216 918 stiperstitiorre¹l
1240 841 1314 900 lidia

15 931 17 998 s:
90 945 168 1007 sunt,
190 948 244 1000 aut
268 942 397 1001 condita
420 948 507 1009 sunt,
532 948 566 999 ul
588 941 745 1000 munirent
769 942 964 1018 potentiam,
989 951 1021 1002 et
1045 961 1083 1004 ex
1102 942 1202 1005 diltlta
1221 941 1312 1004 tuea-

89 1039 166 1116 logia
187 1043 344 1113 thomae,
369 1042 472 1113 Scoti,
501 1048 533 1100 et
557 1040 717 1102 similium.

15 1211 17 1218 ¹
164 1143 226 1205 lmo
240 1144 265 1220 ²)
289 1161 367 1206 vero
392 1144 462 1227 ιη’)
492 1147 586 1206 tertia
610 1147 758 1205 scssibne
783 1145 897 1220 synodi
921 1146 1126 1208 Tridentinae
1151 1148 1313 1208 decretum

16 1257 17 1264 ’
90 1253 145 1316 εει,
172 1267 234 1309 non
258 1249 513 1310 dissentiendum
524 1247 548 1325 4)
579 1263 651 1308 esse
676 1249 714 1308 ab
738 1247 781 1309 iis
804 1239 1031 1310 traditionibus
1062 1258 1094 1310 et
1123 1247 1313 1327 interpratu-

16 1367 17 1402 ;
89 1349 234 1422 tionibus,
267 1369 349 1428 quae
379 1359 452 1414 sont
482 1353 564 1430 ipsis
594 1351 741 1412 imitatae.
794 1352 880 1414 llaec
904 1353 932 1414 si
957 1352 1018 1412 erit
1048 1357 1156 1415 norma
1189 1351 1313 1424 iudicii,

89 1452 154 1525 quid
176 1457 412 1530 pronuntiaturi
430 1459 493 1517 sint
512 1457 551 1515 de
567 1457 686 1516 nostris
709 1453 880 1516 sententiis
893 1455 932 1533 ὕ),
957 1456 1020 1516 lani
1035 1454 1146 1532 liquet.
1181 1453 1313 1518 D'allilna·

16 1551 17 1568 ³
88 1556 152 1615 bunt
173 1558 255 1618 hanc
279 1559 548 1636 propositionem:
588 1558 664 1619 Fide
695 1559 920 1628 testificamur,
951 1559 1112 1634 quianon
1136 1555 1316 1636 sequitui'l

89 1659 216 1720 Thomae
239 1661 555 1739 interpretationem,
588 1679 670 1738 qtrae
694 1665 742 1722 est
767 1663 944 1737 corruptela
978 1678 1123 1739 pugnans
1148 1664 1218 1722 cunt
1241 1663 1313 1739 ipso
1401 1716 1407 1727 .

89 1759 189 1833 Paulo,
224 1773 257 1824 et
281 1783 350 1825 cnm
374 1765 513 1825 vetustis
537 1773 569 1824 ει
593 1763 773 1826 sanioribus
805 1763 1072 1826 enarrationibus.
1113 1767 1314 1826 Damnoburlt

88 1863 139 1924 boc
159 1863 295 1928 dictum:
319 1867 387 1928 [lua
411 1870 574 1930 oblatione
599 1869 828 1929 consummavit
852 1883 961 1928 omnes
985 1869 1041 1943 qui
1065 1867 1314 1938 sanctificantur,

89 1968 163 2038 quod
184 1971 334 2040 affinnat,
364 1972 491 2032 unicum
523 1970 625 2033 luisse
656 1971 846 2032 sacrificinm
876 1969 1152 2047 propitiatorium,
1183 1973 1336 2043 mortem¹

88 2069 140 2128 filii
160 2071 228 2132 Dei.
285 2074 406 2151 Nunc')
429 2074 591 2156 constari)
622 2081 744 2136 coenae
767 2072 895 2134 Domini
919 2073 1226 2134 administrationem
1252 2075 1312 2134 nun

89 2185 151 2233 esse
179 2175 390 2248 sacrificium,-
420 2180 513 2253 quale
544 2179 609 2252 ipsi
641 2179 773 2246 docent,
809 2176 1032 2252 applicandum
1062 2186 1120 2252 pro
1151 2177 1243 2247 aliis,
1281 2183 1315 2236 ut

89 2284 234 2336 mereatur
258 2279 481 2340 remissionem
505 2289 715 2357 peccatorum.
768 2277 890 2338 liabent
925 2276 1008 2337 eninr
1033 2278 1221 2338 contrariam
1245 2291 1315 2355 per-

88 2375 271 2449 suasionem,
296 2398 377 2456 quae
402 2383 511 2443 multis
535 2383 653 2442 seculis
678 2383 742 2442 late
768 2387 883 2457 vagata
907 2386 964 2438 est.
1008 2406 1011 2416 ·
1036 2413 1044 2420 -

157 2481 190 2540 Si
214 2498 253 2542 ex
277 2484 328 2543 his
352 2485 534 2547 recentibus
561 2483 769 2561 opinionibus
795 2484 1008 2561 pugnantibus
1032 2501 1101 2545 curn
1125 2479 1313 2560 apostolica

86 2579 215 2644 doctrina
240 2589 514 2661 pronuntiabitur,
546 2589 625 2649 nibil
657 2605 738 2666 opus
764 2593 813 2646 est
836 2586 986 2662 synodo.¹
1021 2586 1101 2646 Nota
1131 2587 1214 2646 enirn
1240 2592 1313 2645 stnrt

87 2683 154 2744 boec
175 2687 333 2759 recentia,
366 2695 397 2750 et
421 2695 461 2751 ob
485 2694 565 2752 lianc
598 2694 700 2768 ipsam
732 2705 875 2752 caussam
908 2710 923 2747 a
956 2691 1076 2750 nostris
1096 2686 1314 2766 reprensum,

90 2785 156 2859 pria
178 2798 247 2850 cunt
270 2796 308 2852 ab
332 2794 519 2869 Apostolira
544 2796 686 2855 doctrina
717 2793 926 2862 dissentiant,
956 2807 1039 2868 quae
1073 2800 1122 2852 est
1152 2793 1312 2852 immotum

90 2895 117 2946 ει
138 2890 331 2956 immutabile
355 2897 515 2958 decretum
540 2898 619 2967 Dei,
651 2911 785 2958 necesse
809 2897 868 2956 luit
892 2896 928 2954 ad
954 2895 1165 2972 apostolicam
1196 2894 1312 2956 doctri-

90 3011 151 3054 nam
174 3005 296 3057 mentes
320 2991 480 3061 hominum
506 3003 656 3061 revocari.

165 3102 203 3159 dt
226 3101 349 3172 dicent,
381 3121 448 3164 curn
480 3106 657 3180 pleraeque
687 3105 748 3164 sint
783 3102 896 3180 scripti
920 3109 952 3161 et
978 3101 1158 3162 sententiae
1190 3105 1313 3160 contro:

92 3203 217 3273 versiae,
241 3199 338 3286 ῥητοῦ
352 3210 406 3267 καὶ
421 3207 576 3284 διανοίας,
594 3225 648 3267 cur
666 3208 766 3284 magis
782 3213 907 3265 vestrae
927 3187 1195 3279 interpretationi,
1219 3214 1313 3276 quarn

90 3311 223 3376 nostrae,
247 3323 330 3382 quae
355 3320 512 3370 consensu
537 3311 659 3384 aliquoi
685 3310 862 3368 seculorum
887 3309 1090 3382 comprobata
1114 3312 1180 3372 est,
1205 3304 1314 3363 crode-

91 3407 209 3470 remus?
252 3411 320 3472 Etsi
343 3414 423 3472 haec
448 3413 588 3473 obiectio
613 3411 795 3490 plausibilis
818 3418 887 3480 est,
910 3413 1023 3469 tomen
1040 3419 1149 3468 omues
1174 3405 1232 3483 pii,
1255 3407 1312 3466 do-

92 3511 181 3572 ctrina
202 3514 408 3574 mediocriter
432 3517 571 3586 exculti,¹
597 3517 705 3576 vident
730 3513 806 3591 quid
829 3512 1084 3590 respondendum
1108 3509 1159 3568 sit.

167 3616 299 3677 Primum
311 3615 351 3696 ·),
380 3631 442 3679 non
474 3627 545 3679 sunt
576 3619 680 3679 omnia
712 3620 844 3678 obscura
868 3615 900 3675 in
924 3619 1070 3675 sermone
1095 3613 1202 3672 divino
1228 3618 1259 3669 et
1282 3609 1314 3674 in

92 3719 241 3789 symbolis.
287 3719 382 3780 Nulla
405 3720 502 3797 igitur
526 3717 751 3797 interpretatio
775 3733 845 3778 cnm
869 3717 1009 3777 lontibus
1027 3726 1202 3791 pugnans,
1235 3713 1315 3772 reci-

92 3819 198 3891 pienda
222 3832 279 3894 est,
333 3825 400 3884 Non
433 3823 516 3884 enirn
548 3823 707 3902 gignenda
738 3831 786 3883 est
817 3839 898 3884 nova
927 3821 966 3878 (ιε
996 3821 1065 3882 Deo
1089 3817 1249 3914 doctrina,
1283 3824 1318 3875 ut

169 3978 193 4042 l)
214 3995 246 4030 en
261 3977 468 4043 superstitione]
483 3979 522 4028 sic
531 3977 600 4044 ilpp.
612 3975 673 4026 Mel.
685 3983 711 4026 et
719 3973 869 4034 Seukentl.;
884 3972 990 4038 Sylloge
1004 3967 1103 4021 tnb'it:
1118 3972 1315 4038 superstitione

167 4063 194 4126 2)
213 4064 282 4130 lmo]
303 4063 449 4118 Sarkana:
476 4065 532 4114 lam

167 4149 192 4210 3)
214 4148 254 4214 in]
275 4150 301 4198 in
323 4148 393 4216 Opti.
415 4147 477 4203 Mel.
497 4151 584 4199 deest.

167 4235 193 4299 4)
216 4233 447 4302 dissentiendum]
468 4233 615 4286 Seolrend.:
636 4227 831 4285 discedeudtirn

168 4319 194 4381 5)
213 4321 245 4370 de
258 4323 367 4372 -nostris
386 4319 544 4386 sententiis]
566 4321 639 4387 apud
658 4315 920 4369 sententiosum.

168 4401 194 4468 b)
214 4403 348 4471 sequitur]
369 4403 518 4456 bocland:
539 4405 681 4468 sequimur

169 4491 196 4553 7)
215 4489 300 4560 Nunc]
320 4490 514 4544 Seckend.:‘et
534 4503 603 4541 riuus
924 4508 926 4516 ’

168 4574 195 4638 8)
215 4575 333 4642 ronstat]
357 4578 383 4627 in
405 4577 473 4645 upp.
494 4575 556 4629 tter.
575 4583 602 4626 et
620 4575 844 4643 apud-Sertori.
865 4575 951 4622 invest.

171 4659 197 4724 il)
215 4662 359 4728 prinnina]
378 4663 525 4714 Sericum:
546 4663 633 4712 Primo
