3072 5208
204 271 274 346 408
611 317 857 378 surrcuunnrn
883 329 1065 390 arnimar.

207 456 285 511 rent.
326 457 423 521 Tanta
445 463 582 530 foederis
606 469 698 536 istius
721 477 931 559 quinquennis
954 489 1013 550 tuit
1034 500 1219 573 constantia,
1258 500 1373 566 Verum
1393 508 1438 568 in·

205 552 311 615 sanine
335 557 409 622 illos
432 561 579 643 sinamus,
603 575 675 638 dum
700 587 847 658 spartam,
859 604 949 665 quam
964 581 1024 654 Dei
1040 595 1194 662 beneficio
1218 571 1308 695 iacti,
1324 623 1437 680 sumus,

203 657 361 722 tueamur.
405 661 449 726 Mi
471 675 744 746 praestantissime
768 690 800 745 et
823 689 1008 755 charissime
1025 697 1127 770 Pater,
1150 695 1308 784 intelligo,
1332 715 1363 768 te
1385 709 1436 768 mi-

203 753 247 816 ris
270 759 373 822 modis
398 765 436 825 ab
461 769 531 833 istis
553 778 754 864 κρεωφᾰγοις
776 793 895 855 vexari.
940 796 1075 860 Vindica
1098 809 1140 874 te,
1164 799 1295 882 quaeso,
1317 812 1436 871 tandem

204 857 374 936 aliquando
408 867 441 930 in
464 871 641 942 libertatern
672 893 704 946 et
728 889 810 952 hune
833 902 1026 971 postremum
1050 907 1164 968 aetatis
1192 913 1264 972 tuae
1287 910 1437 975 divinitus

205 967 336 1050 exactae
360 975 461 1034 actum
486 979 624 1044 omnium
645 987 761 1052 efficito
783 1001 1099 1071 praestantissimum.
1134 1009 1301 1076 Habitarus
1325 1031 1361 1077 es
1385 1018 1438 1077 hac

203 1059 237 1122 in
260 1062 389 1132 civitate
402 1071 551 1144 Senatum
574 1087 711 1152 omnium
735 1097 1016 1167 clementissimum
1040 1117 1071 1170 et
1093 1111 1361 1190 liberalissimum,
1379 1121 1437 1181 col-

202 1164 293 1244 legas
327 1177 359 1231 et
391 1177 600 1250 scholasticos
634 1192 681 1254 tui
715 1201 1022 1272 observantissimos.
1078 1215 1208 1279 Eniterc
1243 1236 1377 1296 quaeso,
1408 1227 1440 1283 ut

165 1299 166 1302 =
202 1270 329 1333 tandem
359 1275 431 1340 istis
453 1286 626 1364 tragoediis
657 1297 730 1361 finis
754 1303 871 1380 aliquis
895 1308 1089 1389 imponatur,
1120 1334 1200 1396 quae
1230 1329 1291 1388 tarn
1324 1323 1437 1386 misere

201 1367 384 1440 Helveticas
420 1390 452 1446 et
481 1387 682 1461 Germanicas
711 1405 866 1471 ecclesias
898 1413 1093 1496 disiungunt.
1143 1421 1321 1487 Auctoritas
1357 1429 1437 1505 apud

203 1471 368 1557 Principes
391 1489 528 1554 nominis
550 1497 598 1559 tui
620 1519 791 1584 permagna
813 1520 886 1590 est;
924 1517 955 1579 in
985 1528 1018 1582 te
1045 1541 1108 1584 uno
1144 1530 1315 1591 secundum
1337 1531 1436 1592 Deum

203 1579 310 1652 posita
332 1585 412 1648 haec
434 1611 510 1670 spes
534 1609 591 1662 est.
637 1607 782 1673 incumbe
805 1617 901 1695 igitur
924 1622 955 1682 in
980 1625 1039 1686 hoc
1062 1629 1237 1708 negotium,
1252 1641 1287 1694 ut
1303 1633 1437 1706 lacis,et

202 1681 385 1762 priusquam
401 1693 441 1755 ad
449 1698 548 1774 patris
558 1709 710 1772 coelestis
720 1719 917 1796 complexura
932 1731 1206 1804 conscendas,hoc
1228 1732 1278 1796 illi
1300 1735 1436 1797 officium

201 1792 373 1860 praestato.
396 1794 477 1860 nihil
501 1803 532 1864 in
556 1807 736 1876 istiusmodi
757 1820 934 1887 hominibus
956 1832 1153 1906 aequamini
1174 1834 1436 1926 displicetquttn

203 1889 290 1962 quod
311 1892 491 1962 universam
513 1924 600 1970 suain
613 1916 803 1996 religionem
826 1927 884 1988 hac
906 1932 975 1993 sola
998 1934 1030 1995 in
1055 1951 1089 1995 re
1113 1929 1277 2002 collocant.
1310 1939 1435 2002 Dissen·

201 1988 260 2051 tiat
284 1993 415 2072 aliquis,
441 2010 584 2080 quesnois
607 2015 748 2104 integre
757 2033 789 2088 et
813 2035 921 2102 sancte
943 2041 1050 2120 partes
1064 2049 1340 2132 omnesoactcras
1364 2045 1436 2106 reli·

201 2091 309 2168 gionis
332 2099 426 2174 colat,
450 2113 616 2177 anathema
639 2127 695 2185 est.
742 2130 872 2206 Contra,
901 2113 955 2214 ipui
986 2145 1173 2215 consentiat,
1197 2145 1342 2208 omnibus
1367 2148 1435 2209 ains

201 2193 331 2274 flagitiis
354 2209 551 2276 couniretur.
598 2221 797 2294 Genevensis
822 2240 1011 2316 ecclesiola,
1041 2239 1306 2336 u‘ndeinnumeri
1336 2253 1434 2328 quoti·

202 2297 256 2359 die
279 2311 431 2382 martyres
454 2311 485 2376 in
511 2319 613 2386 Gallia
635 2341 812 2410 nascuntur,
847 2360 903 2419 pro
927 2349 1118 2410 exsecrabili
1141 2349 1266 2414 sentina
1295 2373 1435 2417 numera·

201 2402 258 2462 tur.
304 2407 392 2479 Quod
417 2431 490 2494 ego,
515 2425 579 2486 nisi
603 2431 802 2500 verissimum
828 2447 880 2506 vel
904 2467 1005 2528 nuper
1033 2471 1146 2532 magno
1176 2454 1208 2516 in
1232 2459 1364 2536 negotio
1385 2476 1433 2522 cx·

200 2504 569 2601 ploratumlmouisscm,
583 2536 653 2595 'dod
678 2541 871 2608 scriberem?
902 2551 964 2612 Sed
988 2555 1039 2616 hic
1061 2557 1152 2618 dolor
1174 2565 1277 2622 rneum
1300 2548 1434 2626 animum

201 2610 374 2676 exulcerat.
398 2639 467 2684 nam
491 2633 597 2694 multis
621 2635 652 2698 in
673 2641 755 2705 iocis
779 2647 902 2714 Galliae
932 2662 1075 2722 nocturni
1098 2663 1221 2741 piorum
1248 2674 1433 2738 conventus,

200 2712 370 2782 seminaria
404 2738 570 2808 martyrum
608 2744 826 2826 redundantia,
859 2753 1061 2838 disciplinam
1101 2782 1141 2829 cx
1176 2767 1229 2830 illa
1263 2771 1433 2835 ecclesiola

201 2829 287 2876 suam
312 2821 494 2894 hauserunt.
538 2841 582 2900 Te
614 2843 721 2929 igitur,
757 2861 935 2923 venerande
967 2870 998 2924 et

200 2923 385 2998 sanguinem
417 2932 466 2992 D·i

200 3017 275 3082 titer
298 3025 485 3114 inserviisti,

1021 2869 1217 2948 observande
1240 2878 1343 2950 pater,
1379 2893 1432 2952 per

494 2945 593 3031 nostri
615 2949 686 3013 Iesu
710 2957 835 3033 Christi,
852 2963 911 3043 ¹cui
934 2972 1051 3040 tutam
1073 2969 1127 3034 diu
1149 2977 1289 3055 fideliter
1308 2995 1352 3059 ¹ac
1374 2982 1429 3042 ior-

509 3047 641 3113 obsecro
664 3061 758 3135 atque
782 3067 933 3142 obtestor,
954 3080 988 3134 ut
1011 3075 1172 3139 hiemalis
1189 3080 1430 3146 retuediunrali-

199 3126 282 3197 quod
303 3133 405 3208 primo
427 3159 550 3226 quoquc
572 3162 722 3234 ternpore,
735 3169 848 3242 ‚quoad
871 3175 1003 3248 poteris,
1025 3178 1178 3244 adhibeas
1202 3188 1233 3244 et
1256 3201 1327 3248 earn
1340 3189 1430 3259 viam,

199 3242 289 3304 quam
312 3246 389 3312 puto
414 3261 487 3329 esse
505 3263 783 3342 compendiariam,
804 3277 836 3332 te
854 3276 983 3346 ¹scilicet
1005 3279 1037 3344 in
1051 3283 1228 3362 libertatem
1241 3286 1431 3360 vindicandi,

199 3345 297 3396 meas.

342 3339 384 3404 Mi
409 3352 635 3424 colerrdissirne
657 3387 694 3430 ac
716 3381 896 3442 venerande
919 3389 1018 3460 pater,
1059 3388 1130 3448 vale
1162 3405 1276 3467 meque
1306 3392 1371 3456 tuis
1400 3393 1427 3455 in

198 3440 348 3510 precibus
371 3463 619 3536 commendatum
643 3473 767 3540 habeto.
805 3480 891 3546 Uxor
915 3491 946 3546 et
968 3489 1063 3551 filioli
1086 3493 1148 3554 duo
1172 3499 1256 3556 tuam
1277 3499 1429 3577 Amplitu-

197 3536 302 3605 dinem
331 3569 517 3626 reverenter
539 3573 682 3639 salutant.
750 3581 783 3644 Si
805 3603 912 3650 verum
937 3597 995 3664 est,
1034 3597 1116 3670 quod
1153 3597 1208 3675 illa
1242 3599 1428 3679 suspicatur.

197 3657 292 3718 spero
322 3671 454 3724 menon
479 3671 571 3734 modo
603 3675 634 3738 in
658 3687 690 3741 te
713 3693 852 3760 patrem,
883 3708 989 3756 varum
1013 3697 1106 3765 etiarn
1130 3709 1322 3777 compatrem
1343 3706 1428 3766 habi·

196 3744 306 3811 turum.
350 3759 464 3826 Iterum
488 3774 557 3834 vale
589 3785 620 3839 et
643 3785 730 3848 salve
763 3806 831 3854 cum
855 3797 1125 3871 excellentissimo
1149 3803 1287 3878 dotuino,
1311 3826 1426 3888 genero

195 3852 261 3924 ruo,
284 3863 379 3937 acque
402 3870 550 3944 universa
571 3881 699 3952 fanum
743 3895 953 3972 Argentum.
975 3901 1036 3966 xn.
1058 3891 1123 3968 ‘cor
1146 3909 1234 3972 reor.
1254 3912 1346 3976 issu.

707 4067 914 4086 Μ

192 4129 266 4239 aar.
299 4185 478 4304 Q':
523 4196 817 4294 (v01.1X.‚p.143.)
1233 4230 1383 4305 roman

1226 4313 1417 4340 Μ’

540 4377 771 4460 carcharam
798 4412 822 4484 a
847 4388 1068 4480 Zacclrwitz.

259 4535 336 4593 Hauc
356 4543 501 4612 epittolam
529 4562 562 4602 ax
581 4559 754 4626 autographo
774 4559 996 4626 primum'adidit
1022 4565 1093 4620 clar.
1113 4567 1261 4638 iricdltcrg
1287 4569 1417 4624 lutilatio

295 4642 380 4697 witra
398 4649 427 4702 p.
439 4634 500 4692 404·
518 4655 563 4692 uo.
574 4642 635 4696 420.
654 4645 792 4700 recensito
810 4651 863 4714 pl
881 4663 923 4715 aq.
