3102 5202
640 429 821 488 arrruorx.
1271 393 1335 488 533

27 589 29 600 '
102 585 301 651 diuturnitati
323 590 410 654 vitae
440 589 537 653 anxie
566 592 774 668 prospiciunt.
822 593 876 654 Vel
901 593 987 656 euim
1013 593 1156 658 excessit
1178 595 1227 654 vel
1251 600 1341 656 certa

100 691 206 768 attigit
230 710 343 755 annum
368 696 484 756 aetatis
506 694 565 756 LX.
609 693 668 756 Hic
702 695 801 772 igitur
832 696 894 759 etsi
927 702 1070 760 mortuus
1094 704 1143 760 est
1180 696 1243 760 sibi
1277 717 1338 760 non

24 851 25 854 ,
102 794 339 869 intempestive,
364 795 395 858 el
419 799 463 858 ita
485 799 571 861 finiit
594 797 690 860 titan
713 802 820 869 suom,
843 799 1105 875 quaemadmodum
1129 817 1238 864 omnes
1261 801 1338 864 boni

23 927 24 960 ι
99 905 195 973 atque
216 897 265 976 pii
288 907 398 978 optant
420 920 456 963 ac
479 902 609 980 cupiunt
632 920 729 973 suam,
746 909 849 964 lernen
874 903 944 966 ficri
970 903 1091 980 nequit,
1115 903 1190 980 quin
1214 908 1248 964 ct
1270 905 1337 966 obi·

99 1007 148 1060 tus
172 999 262 1063 illius
284 1003 434 1065 dolorem
451 1007 543 1066 uobis
566 1003 677 1066 efferat
701 1013 732 1066 at
754 1006 952 1066 desiderium
975 1007 1112 1077 cruciet,
1135 1013 1167 1068 et
1189 1008 1335 1070 damnum

99 1105 184 1178 quod
208 1107 269 1166 hoc
289 1109 431 1184 spoliato
454 1108 579 1186 accepit
616 1110 710 1186 Resp.
734 1115 865 1188 pangat.
911 1109 1119 1175 Mihi'autem
1141 1098 1336 1176 recordatio-

96 1223 169 1268 nem
194 1211 312 1271 amoris
338 1229 413 1290 erga
437 1229 487 1272 mc
511 1213 632 1289 ipsius,
655 1230 725 1273 cum
749 1211 903 1290 deinceps
926 1213 1092 1276 carendum
1117 1230 1155 1276 eo
1178 1213 1258 1276 mihi
1282 1215 1335 1286 sit,

95 1312 144 1372 cui
168 1312 346 1376 nonminus
369 1332 471 1376 carum
487 1331 536 1376 me
559 1315 626 1376 scio
643 1316 744 1376 luisse
757 1332 795 1376 ac
817 1315 863 1376 lui
885 1317 968 1392 petri
992 1314 1252 1396 neomeniarum
1274 1318 1329 1378 tri-

95 1415 347 1480 stitiam-adame
369 1421 501 1482 necesse
524 1427 584 1490 cst,
622 1420 809 1496 praesertim
843 1435 914 1482 curn
950 1438 1008 1497 pro
1030 1420 1197 1485 beneficiis
1220 1421 1253 1482 in
1276 1437 1327 1482 me

96 1520 222 1581 collatis
246 1523 379 1599 gratiam
418 1521 466 1583 illi
489 1521 613 1584 viventi
639 1521 761 1582 referre
783 1521 941 1598 potuerim
964 1537 1129 1599 uunquam.
1174 1523 1248 1586 Sum
1270 1523 1329 1604 igi-

93 1627 141 1680 tm·
165 1623 200 1686 in
224 1623 401 1686 iustissimo
425 1643 462 1686 oc
476 1623 644 1686 verissimo
662 1626 758 1694 luctu,
773 1625 856 1700 qrrod
880 1632 1003 1688 constat
1026 1626 1238 1690 meamisisse
1260 1645 1331 1690 eum

94 1725 144 1784 cni
168 1741 242 1788 mea
264 1729 359 1798 salus,
389 1729 539 1806 dignitas,
570 1727 744 1797 commoda,
768 1743 871 1804 aeque
894 1729 1011 1793 luerint
1033 1729 1121 1793 cordi
1148 1734 1246 1808 atque
1268 1728 1332 1806 ipsi

96 1845 161 1901 sua,
187 1829 307 1909 quique
343 1850 411 1894 curn
441 1833 522 1910 apud
547 1847 656 1894 earnes
671 1831 834 1896 ,homines
850 1831 1132 1906 commendatione,
1161 1840 1225 1896 tum
1248 1834 1330 1912 apud
1392 1817 1398 1827 ⁶

93 1932 190 1996 Deum
215 1937 359 1997 sanctiss.
383 1935 531 2013 precibus
555 1953 612 2012 pro
635 1950 686 1996 me
709 1949 836 2012 semper
859 1934 1058 1998 contenderit
1080 1943 1175 2014 atque
1198 1937 1327 2002 annisus

92 2039 197 2100 luerit.
241 2039 377 2114 Quorum
401 2040 534 2101 alterum
572 2055 653 2100 nuuc
682 2036 778 2098 etiam
812 2039 978 2102 mullorum
1001 2039 1242 2113 praedicatione
1266 2037 1329 2112 pla-

93 2159 164 2201 num
193 2142 238 2212 fit,
268 2144 399 2203 alterum
422 2161 485 2204 non
509 2141 676 2202 intermitti
700 2141 738 2201 ab
763 2141 866 2216 ipsius
890 2142 1115 2210 sanctaimima
1138 2149 1257 2204 certum
1271 2148 1331 2211 est,

93 2259 173 2318 qrrae
198 2245 268 2306 sine
292 2244 388 2306 dubio
413 2245 452 2306 ed
475 2245 632 2306 Christum
654 2241 812 2320 migravit,
826 2242 858 2304 in
873 2243 1233 2312 cniusconstontissima
1255 2262 1331 2306 con.

90 2346 235 2408 fassione
258 2355 291 2408 et
325 2346 358 2409 in
381 2364 516 2425 corpore
538 2348 608 2408 dum
632 2347 722 2408 licuit
746 2346 931 2424 permansit,
955 2353 987 2411 et
1008 2349 1070 2410 hoc
1093 2347 1233 2413 feliciter
1254 2351 1325 2410 ulti-

90 2467 138 2510 mo
161 2452 217 2512 die
240 2451 381 2528 reliquit,
405 2458 571 2526 receptura
594 2447 627 2514 ἐν
649 2441 820 2517 ἀναστάσει
843 2453 904 2519 τῶν
924 2452 1066 2520 δικαίων.
1109 2454 1200 2527 Quod
1223 2457 1327 2516 autem

90 2554 128 2612 dc
152 2558 262 2617 morbo
287 2556 400 2633 optimi
422 2556 484 2617 viri
513 2553 654 2616 medicus
675 2555 850 2632 significat,
894 2573 933 2618 ax
959 2571 998 2620 eo
1022 2557 1208 2633 perspicere
1248 2554 1327 2618 mihi

88 2671 155 2718 sum
179 2659 269 2720 visus
293 2675 412 2720 summa
433 2662 517 2721 hunc
539 2659 708 2737 diligentia
732 2667 765 2722 et
787 2659 965 2724 attentione
987 2677 1091 2727 curcur
1108 2662 1252 2740 gessisse
1275 2675 1327 2719 ae·

89 2762 255 2839 grolantis.
289 2763 346 2824 ¹lta
376 2762 461 2824 enim
493 2763 615 2840 liquido
639 2770 672 2823 et
692 2763 815 2826 diserta
849 2779 918 2826 eum
941 2780 1070 2830 caussas
1093 2767 1158 2835 lum
1180 2779 1325 2842 progres-

89 2866 199 2928 siones
223 2865 323 2928 morbi
345 2871 409 2928 tum
434 2864 529 2927 etiarn
550 2866 671 2927 exitum
695 2866 798 2940 ipsum
822 2869 982 2942 exposuit,
1005 2874 1041 2928 ut
1063 2866 1248 2929 inaurando
1273 2881 1326 2926 ne·

88 2969 248 3049 gligenter
271 2976 415 3032 versatus
437 2969 539 3030 luisse
562 2968 666 3030 videri
687 2987 749 3030 non
772 2971 883 3047 possit.
928 2967 1048 3034 Αἴτιον
1071 2986 1147 3034 sane
1171 2969 1255 3047 quod
1279 2969 1325 3030 in·

88 3072 172 3134 dicat
195 3067 238 3148 ὥς
258 3069 543 3158 προκαταρκτικὸν,
570 3072 736 3137 admodum
760 3089 909 3150 agnosco.
954 3073 1116 3150 Nunquam
1141 3074 1222 3134 enim
1257 3073 1324 3143 ille,

88 3191 218 3254 semper
239 3185 293 3238 aui
315 3179 430 3239 studiis
453 3183 506 3238 aut
529 3177 657 3238 alienae
679 3175 890 3238 sollicitudini
925 3177 1076 3248 intentus,
1100 3175 1250 3238 inserviit
1273 3194 1324 3236 va·

87 3277 224 3344 latudini
259 3297 346 3341 suae.
393 3283 466 3340 (lum
501 3285 607 3342 autem
640 3277 818 3340 incredibili
840 3278 902 3340 fide
934 3298 970 3340 ac
991 3277 1219 3343 benevolentia
1241 3295 1324 3340 com-

89 3384 281 3458 plecteretur
303 3399 412 3444 umnes
435 3381 611 3458 discipulos
635 3399 721 3452 suos,
759 3397 840 3456 quos
863 3383 1002 3444 habebat
1035 3382 1224 3458 complures,
1260 3399 1321 3440 non

87 3486 324 3550 mododocebat
346 3487 420 3547 illos
432 3485 592 3548 laboriose
616 3485 810 3556 et'assidue,
825 3485 881 3548 sed
894 3501 963 3546 curn
980 3484 1110 3572 ,delictis
1133 3490 1197 3546 tum
1220 3484 1321 3564 negli-

87 3591 196 3667 gentia
219 3597 251 3652 et
273 3591 417 3652 socordia
454 3590 578 3652 illorum
600 3586 695 3651 nimis
718 3591 859 3666 grauiter
881 3592 1147 3661 commonebatur,
1178 3587 1223 3648 ila
1246 3606 1322 3647 non-

87 3711 243 3770 nunquam
277 3702 310 3755 ut
343 3695 454 3754 dolore
478 3699 510 3753 ei
533 3691 697 3754 iracundia
720 3693 849 3756 ardeus¹
872 3691 902 3754 in
928 3697 1086 3769 potestate
1115 3710 1178 3754 non
1204 3707 1321 3768 perma-

88 3805 184 3859 neret.
209 3798 316 3859 Victus
339 3804 444 3858 autem
467 3801 533 3856 erat
556 3792 762 3870 quotidianus
787 3811 879 3871 quem
905 3795 1069 3858 nobiscum
1093 3793 1253 3874 cupiebat,
1269 3808 1321 3852 ne-

88 3915 147 3975 qua
172 3902 235 3962 sibi
258 3901 375 3978 aliquid
400 3911 533 3976 nnqrram
557 3896 670 3960 eximii
693 3897 808 3974 parari,
842 3905 896 3960 ant
920 3899 1005 3960 aliud
1030 3898 1121 3962 nobis
1145 3913 1236 3973 quam
1260 3894 1323 3956 sibi

86 4001 202 4063 subiici
227 4003 414 4078 patiebatur,
450 4021 511 4078 quo
533 4019 604 4062 carm
634 4001 682 4060 sic
705 4005 846 4062 uteretur
875 4006 910 4062 ut
933 4001 1029 4064 etiam
1053 3999 1210 4061 vilissimo
1234 3999 1321 4058 dele-

86 4105 163 4164 clari
188 4103 358 4176 videretur,
382 4111 532 4178 essetque
555 4119 669 4180 eorpus
693 4109 849 4178 appetens
865 4101 1019 4174 alimenti,
1044 4119 1147 4178 neque
1171 4100 1244 4178 ipse
1267 4102 1321 4162 die

86 4221 148 4266 uno
172 4206 337 4282 quicquam
361 4212 502 4283 gustaret
531 4205 594 4266 nisi
618 4203 664 4266 bis
686 4204 806 4266 usitato
832 4222 928 4278 more,
951 4212 1054 4268 tamen
1078 4221 1235 4282 nunquam
1258 4223 1319 4265 non

86 4315 138 4368 aut
161 4311 273 4372 librum
309 4309 344 4372 in
364 4328 458 4375 rnanu
481 4311 607 4372 tenebat
633 4324 776 4379 vescens,
798 4316 852 4370 aut
875 4308 997 4384 aliquid
1022 4309 1244 4386 perscribenda
1267 4327 1319 4369 an-

86 4415 223 4483 notabat,
258 4414 342 4488 quod
380 4413 426 4474 ita
446 4423 556 4487 saepe.
576 4413 619 4475 ,ab
642 4427 683 4471 ee
715 4410 781 4472 vidi
816 4411 887 4474 fieri
923 4418 961 4472 ut
980 4410 1120 4472 imitatus
1144 4411 1240 4472 eliam
1263 4413 1318 4473 ali-

87 4517 208 4590 quando
232 4516 357 4579 t'uerira.
393 4515 502 4578 Somni
524 4519 628 4575 autem
654 4511 832 4587 parcissimi
846 4521 933 4588 erat,
954 4520 984 4574 et
1008 4531 1077 4575 cnm
1100 4511 1206 4589 ipsius
1229 4513 1318 4574 insti-

80 4621 151 4679 ·luto
175 4621 385 4696 bora-'quarta
405 4616 672 4688 aestata,uhierue
693 4614 803 4690 quinta
826 4617 1034 4681 excitaremur
1056 4618 1096 4678 de
1119 4618 1222 4692 lectis,
1247 4624 1320 4678 ante

88 4723 168 4798 quod
192 4729 315 4803 tempus
339 4741 465 4805 semper
488 4722 662 4801 evigilabat
686 4723 718 4779 et
740 4723 888 4798 surgebat
923 4720 1011 4797 ipse,
1045 4722 1077 4782 in
1100 4738 1150 4782 me
1175 4720 1318 4796 primurn,
