3116 5212
589 325 775 389 arcannm.
955 333 957 340 ¹
1218 311 1280 388 545

142 483 310 540 inveneram.
353 487 409 540 Hoc
433 487 502 540 libro
533 487 584 554 (lo.
604 489 702 540 Adami
721 489 831 544 Flessaa
861 490 1008 544 fasciculus
1026 491 1284 544 commentationum

141 575 212 626 uarii
232 575 387 642 argumenti
408 575 555 643 praecipue
574 574 699 627 historici
720 592 752 627 ac
770 577 907 634 litterarii,
945 577 1060 630 atrones
1078 581 1105 626 et
1121 576 1283 640 Flenshurgi

141 676 165 712 s.
185 675 211 711 a.
237 659 280 728 8⁰)
299 676 369 711 nunc
394 661 523 726 invento,
549 661 576 710 ln
595 677 647 726 quo
675 677 734 712 cnm
754 663 955 731 prolegomenis
980 662 1020 731 (p.
1039 663 1089 720 183
1108 661 1165 728 sq.)
1191 667 1218 712 et
1237 660 1284 712 ad·

142 746 327 800 notationibus
358 747 474 814 primum
494 747 596 800 editum
617 755 660 800 est
684 745 917 816 (p.185-188.),
943 750 1080 815 integrum
1099 746 1284 801 testimonium

142 833 167 881 h.
187 833 206 885 l.
228 834 353 886 exhibeo.

538 1020 816 1104 (Testimonium.)

124 1175 275 1238 Decanus
298 1178 430 1256 collegii
454 1177 672 1256 philosophici
706 1182 736 1240 in
761 1180 932 1241 Academia
955 1178 1189 1258 Witehergensi
1215 1174 1284 1239 Phi·

48 1277 147 1354 lippus
169 1268 354 1346 Melanthon
387 1282 420 1347 S.
442 1282 475 1344 D.
509 1286 655 1344 omnibus
691 1285 822 1344 lecturis
857 1286 914 1346 has
949 1286 1068 1346 literas.
1113 1283 1230 1345 Petivit
1265 1300 1285 1344 a

48 1380 131 1442 nobis
155 1384 377 1446 testimonium
399 1386 440 1445 dc
463 1383 531 1446 suis
554 1389 706 1457 moribus,
729 1386 844 1448 studiis
870 1393 902 1448 et
924 1387 1024 1465 gradu
1045 1389 1102 1448 Vir
1118 1388 1229 1447 doctus
1253 1393 1285 1446 et

47 1485 192 1546 honestus
215 1488 369 1566 Magister
392 1488 640 1566 christophorus
662 1490 808 1550 Euander
830 1488 1094 1559 Wonsidelensis,
1130 1489 1215 1564 quod
1249 1487 1282 1548 ei

48 1606 161 1650 stamma
186 1591 352 1650 voluntate
376 1591 620 1666 impertivimus.
663 1591 865 1654 Meminimus
890 1591 976 1652 enim
999 1599 1030 1652 et
1052 1606 1157 1652 mores
1182 1597 1214 1650 ct
1237 1590 1284 1650 in·
1332 1647 1334 1650 .

48 1692 167 1766 genium
192 1691 266 1754 eius
298 1695 389 1754 valde
418 1694 547 1771 probari
585 1697 773 1759 Reverendo
798 1695 869 1757 niro
891 1695 1027 1757 Domino
1048 1695 1175 1756 Nicolao
1199 1693 1283 1754 ided-

48 1794 107 1854 lero
127 1795 261 1860 Doctori
284 1798 480 1878 theologiae,
505 1802 588 1875 apud
602 1818 694 1876 quem
719 1801 750 1861 in
767 1801 869 1876 prima
882 1800 1100 1863 adolescentia
1123 1800 1284 1860 elementa

48 1888 280 1976 philosophiae¹
296 1910 328 1963 ct
351 1903 514 1964 doctrinae
537 1905 691 1966 coelestis
714 1913 801 1966 recte
825 1904 948 1976 didicit,
973 1911 1004 1965 et
1027 1923 1085 1966 nos
1108 1902 1173 1981 ipsi
1196 1919 1279 1963 com-

49 2003 183 2078 perimus
207 2005 241 2066 in
266 2012 334 2068 hoo
351 2005 583 2083 christophoro
610 2007 750 2070 indolem
771 2025 845 2070 csse
869 2007 1032 2087 egregiam
1054 2005 1285 2085 adpercipien·

52 2108 114 2168 dam
138 2109 278 2171 omnium
302 2109 413 2172 artium
440 2111 613 2174 doctrinam
637 2114 731 2174 etad
754 2111 920 2183 virtutem,
954 2119 988 2172 et
1009 2129 1114 2174 mores
1138 2108 1207 2170 cius
1229 2111 1285 2170 ho-

50 2219 152 2274 nestos
177 2231 265 2276 esse.
312 2216 389 2274 Cum
412 2221 516 2276 autem
540 2217 677 2294 amplius
702 2217 840 2279 triennio
865 2218 897 2278 in
914 2216 1087 2279 Academia
1109 2221 1218 2276 nostra
1238 2210 1285 2273 vi-

49 2315 134 2387 xerit,
159 2326 192 2378 et
214 2319 344 2380 latinam
369 2321 509 2397 linguam
532 2318 673 2381 feliciter
695 2319 882 2392 didicisset,
921 2320 1043 2383 addidit
1065 2336 1201 2398 graecae
1224 2317 1283 2380 lin-

50 2433 124 2492 guae
156 2421 284 2492 studia,
317 2429 352 2482 ut
388 2421 506 2483 aditum
540 2423 604 2485 sibi
638 2425 677 2485 ad
699 2423 928 2500 philosophiae
948 2426 1054 2486 tontes
1076 2425 1282 2500 patefaceret.

51 2519 158 2583 Ordine
186 2527 290 2603 igitur
310 2539 370 2600 per·
393 2544 502 2588 omnes
525 2536 634 2605 partes
659 2546 848 2608 progressus
886 2530 920 2590 in
943 2528 1054 2606 primis
1078 2525 1109 2588 in
1134 2527 1281 2590 arithme-

51 2621 106 2686 tica
127 2627 300 2708 diligenter
328 2629 493 2716 ingenium
516 2634 677 2714 exercuit,
702 2632 828 2706 ‚deinde
852 2633 991 2712 cognitis
1015 2634 1183 2704 elementis
1206 2650 1283 2711 geo-

51 2734 175 2796 metriae
198 2735 416 2798 dulcissimam
438 2738 613 2800 doctrinam
635 2738 674 2796 de
696 2740 836 2800 ructibus
860 2740 1056 2800 coelestibus
1081 2735 1211 2810 didicit,
1249 2737 1283 2798 in

51 2851 106 2908 qua
127 2854 217 2914 vere,
240 2847 274 2900 ut
297 2841 383 2902 Plato
407 2839 520 2917 inquit,
544 2849 634 2920 grata
656 2843 696 2901 de
718 2841 785 2902 Deo
809 2837 890 2904 lama
912 2861 1020 2922 sparsa
1043 2849 1103 2904 cst.
1150 2843 1226 2904 Nam
1248 2843 1281 2904 in

51 2941 301 3006 consideratione
323 2941 529 3022 pulcherrimi
552 2941 672 3008 ordinis
697 2950 729 3006 et
751 2945 902 3008 utilitatis
927 2954 1066 3009 motuum
1089 2948 1279 3008 coelestium

50 3045 207 3124 manifeste
245 3050 394 3128 adparet,
428 3051 510 3111 hunc
533 3050 679 3114 mnndum
713 3070 775 3112 non
805 3069 881 3113 casu
918 3058 1019 3114 ortum
1043 3069 1134 3123 esse,
1169 3053 1226 3112 sed
1264 3071 1283 3114 u

49 3159 146 3216 mente
170 3153 428 3226 architectonice
450 3153 611 3216 corrditum
634 3173 706 3216 esse
742 3161 774 3215 et
796 3158 974 3235 gubernari.
1020 3155 1098 3216 Cum
1118 3162 1224 3217 antem
1250 3162 1281 3216 et

50 3252 218 3322 domestica
240 3259 412 3336 disciplina
448 3261 501 3321 hic
524 3260 768 3337 christophorus
801 3259 1056 3339 adagnitionem
1082 3259 1139 3320 Dei
1168 3261 1279 3322 adsue-

49 3357 140 3424 factus
164 3368 266 3436 esset',
290 3371 322 3424 et
344 3363 402 3426 hac
425 3363 497 3440 ipsa
519 3365 660 3428 doctrina
682 3363 722 3426 de
747 3372 858 3426 notura
881 3382 984 3426 rerum
1014 3365 1279 3426 commonefactus

49 3472 128 3526 recte
151 3468 308 3530 iudicaret
331 3469 474 3530 homines
502 3469 674 3544 praecipuo
698 3471 738 3530 ad
760 3469 841 3531 haec
863 3486 992 3532 rnuncra
1014 3469 1113 3540 nasci,
1130 3475 1164 3529 ut
1179 3467 1277 3528 Deum

50 3563 239 3634 conditorem
262 3569 434 3642 celebrent,
469 3575 501 3631 et
539 3579 572 3633 nt
603 3573 805 3650 perficiamus
838 3577 872 3633 ut
893 3580 1021 3634 nostrae
1044 3570 1211 3645 opiniones
1247 3578 1278 3630 et

48 3661 143 3734 nores
167 3678 207 3738 ad
230 3672 412 3754 imaginem,
436 3674 524 3737 iuxta
547 3693 640 3754 quam
662 3675 782 3740 conditi
807 3693 926 3749 snmus,
951 3677 982 3739 id
1008 3659 1055 3736 est
1078 3675 1118 3736 ad
1141 3680 1278 3736 mentem

49 3771 178 3842 divinam
201 3787 383 3858 congruant,
407 3780 582 3858 diligenter
605 3778 766 3856 quaesivit
790 3782 821 3843 in
846 3780 985 3843 ecclesia
1006 3780 1068 3840 Dei
1091 3795 1198 3839 veram
1222 3779 1276 3839 do·

48 3878 170 3942 utrinam
194 3885 234 3943 de
258 3883 326 3943 Deo
351 3889 381 3942 et
405 3883 444 3942 de
467 3881 534 3943 filio
559 3881 640 3954 eius,
664 3884 792 3972 domino
814 3892 922 3946 nostro
946 3885 1017 3945 lesu
1039 3881 1165 3943 Christo
1189 3888 1278 3960 pate·

46 3976 151 4044 luctam
189 3987 285 4047 certis
308 3994 339 4048 et
361 3986 542 4052 illustribus
560 3981 766 4065 testimoniis,
798 3995 831 4048 et
853 3987 1065 4065 amplectitur
1087 4001 1277 4048 consensum
1356 3969 1361 3977 ¹

48 4081 407 4169 Catholicaeecolesiae
430 4090 565 4160 Christi,
603 4097 634 4150 et
658 4092 807 4154 abhorret
839 4091 1043 4153 abomuibus
1065 4086 1213 4148 sarraticis
1245 4094 1277 4148 et

47 4187 207 4258 seditiosis
229 4191 443 4269 opinionibus.
501 4195 547 4253 Ac
568 4199 604 4252 ut
637 4201 839 4256 monumenta
860 4190 1048 4268 prophetica
1072 4198 1159 4251 reete
1182 4189 1275 4252 intel-

46 4281 142 4364 ligere
164 4302 285 4372 posset,
308 4293 429 4372 aliquid
453 4311 572 4372 operae
596 4294 709 4357 tribuit
730 4298 859 4376 linguae
882 4295 1043 4358 hbraicae.
1079 4295 1181 4367 Quare
1205 4311 1274 4354 cum

45 4383 209 4470 ingenium,
231 4385 335 4461 mores
359 4397 623 4460 et'eruditionem
647 4401 741 4466 huius
758 4397 980 4488 Christopho'ri
1003 4399 1272 4476 probaremus,de

46 4494 169 4578 collegii
192 4483 353 4595 sententio
369 4487 586 4585 ,decrevimus
621 4501 654 4566 ei
689 4491 819 4583 gradum
843 4502 1021 4586 magisterii
1043 4501 1272 4582 philosophici,

47 4600 124 4666 lund
160 4606 211 4666 his
232 4607 372 4686 publicis
396 4607 513 4671 litteris
552 4615 711 4672 testamur.
758 4609 912 4688 Expedit
932 4615 1038 4670 autam
1071 4607 1271 4685 reipublicae

76 4739 171 4796 irritet.
189 4749 307 4795 ιιιιιιιιι.
1031 4728 1069 4788 35
1127 4749 1134 4760 ·
