3120 5206
515 339 758 392 strennuum-n
778 340 860 390 inm
889 341 964 394 raso.
1169 291 1178 312 Κ
1319 319 1362 393 di

129 499 208 559 mine
239 504 470 576 congregatoS,
503 513 564 557 non
597 511 671 556 esse
701 495 733 555 in
764 494 905 556 fidelium
935 495 1092 555 cordibus.
1144 497 1236 555 Tales
1265 494 1362 556 audio

129 599 220 661 isthic
249 607 378 660 nostrae
407 600 485 659 fidei
515 598 708 674 interpretes
738 617 774 658 ac
807 597 1051 658 calumniatores
1088 597 1208 657 haberi.
1260 600 1301 657 nt
1330 603 1362 657 te

128 724 178 765 oro
208 721 267 780 per
292 703 467 773 Christum,
498 709 532 762 ut
562 700 788 761 maledicorum
819 700 981 767 hominum
1013 700 1165 761 effrenem
1187 700 1362 771 licentiam,

129 815 279 882 quatenus
308 806 402 874 licet,
431 805 515 882 apud
547 803 621 880 pios
652 801 839 872 remoreris,
876 800 1099 886 indicand01),
1130 821 1192 862 non
1222 818 1261 862 eo
1292 819 1362 879 per-2

127 909 248 986 tingere
279 914 405 968 nostros
435 923 614 968 sermones:
655 905 718 964 imo
748 905 865 966 addere
894 903 955 964 hoc
985 911 1052 966 tuto
1083 905 1223 982 poteris,
1260 906 1361 967 neuti-

128 1029 215 1088 quam
246 1029 305 1071 nos
335 1010 412 1070 boui
442 1012 628 1077 consulere,
659 1008 687 1068 si
718 1008 790 1084 quis
814 1007 916 1078 dicat,
939 1007 1040 1068 veluti
1070 1008 1176 1068 ludam
1207 1014 1239 1068 et
1263 1026 1362 1085 pecus

127 1133 180 1174 nos
204 1129 402 1174 communem
427 1129 558 1189 panem,
581 1113 632 1170 vel
656 1113 757 1170 solum
782 1116 1012 1171 sacramentum
1035 1111 1146 1179 edere,
1178 1106 1273 1190 χάριν
1301 1108 1362 1192 γὰρ

127 1217 175 1293 τὴν
198 1212 340 1300 ἀόρατον
361 1217 439 1298 μετὰ
465 1217 526 1277 τῶν
548 1209 716 1296 συμβόλων
739 1207 862 1298 ὁρατῶν
885 1215 1016 1296 δίδομέν
1038 1235 1069 1276 τε
1090 1218 1143 1276 καὶ
1160 1212 1364 1297 λαμβάνομεν

127 1318 225 1402 ὥςπερ
253 1316 371 1392 πάντες
399 1315 434 1380 oi
460 1321 572 1380 πιστοὶ
582 1315 606 1395 ²)
641 1319 878 1400 γεγυμνασμένα
913 1313 1107 1400 αἰσθητήρια
1142 1313 1274 1400 ἔχοντες.
1325 1317 1363 1378 Et

127 1426 219 1500 plane
242 1421 438 1483 contumelia
462 1422 634 1498 Apostolos
658 1420 745 1480 affici
769 1435 898 1496 semper
920 1420 1077 1494 diximus,
1114 1420 1143 1481 si
1168 1420 1240 1496 quis
1264 1438 1363 1498 super

128 1545 181 1588 eos
207 1529 310 1588 solam
333 1526 463 1602 igneam
485 1525 628 1602 linguam
660 1532 693 1584 et
722 1524 848 1602 signum
877 1523 1018 1601 Spiritus
1049 1523 1236 1587 consedisse
1266 1523 1363 1594 dicat,

128 1648 244 1708 negans
269 1630 400 1691 interim
422 1645 498 1689 vere
522 1628 700 1706 participes
724 1628 899 1704 gratiarum
929 1627 1069 1705 Spiritus
1101 1629 1220 1689 sancti:
1254 1643 1360 1704 quarn-
1466 1667 1489 1681 ι

128 1733 175 1794 vis
197 1749 401 1808 nequaquam
425 1731 546 1793 sentire
569 1731 787 1809 potuerimus,
811 1731 940 1808 igneam
963 1732 1106 1809 linguam
1130 1747 1202 1792 esse
1220 1735 1361 1794 substan-

129 1837 191 1896 tive
214 1836 370 1914 Spiritum
396 1843 555 1905 sanctum,
585 1835 671 1896 sicut
694 1851 799 1910 neque
823 1837 939 1895 ilatum.
991 1835 1103 1910 Neque
1126 1835 1253 1904 dubito,
1285 1837 1363 1911 quin
1419 1847 1423 1856 '

131 1941 210 2001 idem
234 1949 265 2000 et
287 1959 345 2001 vos
370 1939 531 2000 catholice
554 1939 730 2000 affirmetis.
786 1939 868 2010 Quid
893 1939 993 2016 igitur
1015 1939 1070 2000 hic
1091 1947 1215 2000 tantum
1239 1946 1361 2000 contro-

132 2041 328 2105 versiarum?
374 2043 464 2102 Unde
488 2045 568 2104 haec
591 2043 709 2104 iterum
737 2043 828 2104 volui
857 2042 918 2102 tibi
942 2041 1101 2112 indicata,
1133 2051 1167 2102 ut
1191 2044 1361 2104 ostendere

130 2148 233 2222 possis
257 2147 465 2222 quibusdam,
488 2146 517 2207 si
541 2153 660 2222 ponant
683 2145 922 2215 contentiones,
948 2164 1009 2205 non
1033 2147 1151 2206 deesse
1174 2145 1276 2228 viam,
1300 2165 1362 2223 qua

131 2249 296 2310 concordia
320 2257 451 2327 paretur
475 2249 636 2310 ecclesiis.
689 2250 789 2325 Atqui
820 2247 893 2310 istis
923 2249 1217 2319 anathematismis,
1242 2251 1360 2312 exsibi-

131 2352 317 2422 lationibus,
354 2372 392 2414 ac
427 2353 705 2413 fulminationibus
744 2351 825 2413 nihil
862 2351 1036 2428 proficitur.
1094 2351 1219 2432 interea
1256 2361 1361 2416 tamen

130 2457 212 2516 Deus
223 2455 247 2531 3)
276 2473 354 2515 suos
379 2475 440 2516 non
463 2455 633 2530 relinquet.

208 2559 304 2620 Porro
336 2559 376 2618 de
400 2565 485 2620 statu
515 2557 676 2620 ecclesiae
706 2557 915 2627 Basitiensis‚
946 2565 1053 2616 rumor
1084 2564 1196 2618 cuncta
1227 2560 1360 2630 nuntiat,

131 2662 253 2723 tametsi
284 2665 441 2738 pleraque
472 2661 594 2722 vanius.
646 2661 714 2722 Una
742 2678 776 2720 re
807 2661 1000 2738 gloriamur,
1030 2660 1211 2722 discordem
1242 2661 1362 2725 Christi

132 2764 402 2838 praedicationem
426 2768 583 2826 sublatam
594 2761 635 2843 4),
659 2771 690 2824 et
714 2766 798 2839 quod
823 2765 1026 2842 Magistratus
1050 2772 1135 2826 totus
1160 2765 1193 2826 in
1216 2768 1278 2828 hoc
1302 2774 1361 2837 est,

129 2873 161 2925 ut
187 2867 276 2930 iuxta
304 2871 436 2929 verbum
466 2869 585 2929 Christi
617 2887 710 2943 quam
741 2868 917 2945 purissime
949 2886 1006 2929 sua
1031 2870 1121 2944 plebs
1144 2869 1249 2939 vivat,
1274 2871 1360 2946 quic-

131 2969 211 3043 quid·
229 2971 289 3032 alii
318 2979 485 3048 nugentur.
540 2974 633 3030 Certe
663 2991 726 3031 non
756 2979 806 3032 est
837 2971 905 3030 illis
930 2970 1089 3048 integrum
1113 2980 1284 3048 expectare
1307 2991 1361 3052 ge-

130 3073 233 3132 nerale
256 3073 336 3133 illud
361 3073 555 3143 Concilium,
581 3081 615 3133 ut
640 3073 769 3134 interim
793 3073 985 3136 conniveant
1009 3075 1049 3134 ad
1072 3074 1280 3151 plurimorum
1305 3077 1360 3138 im-

130 3173 285 3248 pietatem.
338 3180 496 3238 Laborant
527 3177 621 3248 item,
651 3183 686 3237 ut
715 3175 916 3255 gymnasium
949 3176 1143 3246 instaurent,
1181 3179 1361 3255 literaeque

129 3279 225 3338 honae
251 3297 320 3339 curn
345 3277 470 3356 pietate
494 3280 685 3355 plantentur.
725 3280 816 3340 Vale.
859 3277 1009 3339 aniieae
1033 3277 1113 3355 prid.
1139 3281 1202 3340 Cal.
1226 3281 1361 3360 Aprilis,

130 3381 213 3439 Anno
241 3378 367 3461 tow).

640 3484 845 3497 *t-nn—-n

131 3571 173 3630 55.
228 3575 281 3630 No.
307 3569 398 3630 [il-⁹1¹³.
445 3575 519 3648 (Vol.
537 3576 559 3629 I.
583 3593 609 3646 p.
630 3571 734 3644 1072.)
1141 3571 1247 3644 (mense
1259 3573 1360 3650 Maio.)

231 3657 404 3682 Μ
1160 3657 1356 3685 Μ

568 3729 702 3799 Iacobo
737 3729 914 3798 Sturmt‘o.

191 3867 265 3916 lianc
284 3864 427 3932 epistolam
450 3881 483 3914 ex
504 3862 689 3929 autographo,
717 3862 787 3926 quod
812 3862 839 3910 in
866 3860 1010 3914 Tabulario
1037 3859 1183 3912 Seminarii
1211 3862 1360 3928 theologici

225 3940 470 4017 Argentoratensis
490 3949 696 4012 asservabatur,
716 3949 834 4014 primum
854 3947 940 3998 edidit
958 3947 1003 3997 Dr.
1021 3946 1105 3999 theol.
1127 3947 1196 4000 Car.
1218 3951 1360 4012 Schmidt,

210 4123 237 4190 1)
264 4122 440 4190 indicand0,]
461 4123 500 4174 sic
521 4119 620 4182 Soult.;
638 4121 741 4188 Epist:
762 4119 919 4180 iudicando,

208 4209 236 4270 2)
259 4203 362 4276 πιστοὶ]
383 4210 423 4260 sic
441 4207 545 4276 Epist.;
565 4207 662 4260 Scult:
683 4207 774 4256 πίστει

212 4297 238 4362 3)
264 4296 350 4364 Deus]
372 4296 411 4346 sic
430 4295 529 4355 Sc-ult;
550 4293 655 4360 Epist:
674 4293 804 4345 Dominus

209 4384 238 4447 4)
261 4383 415 4434 discordem
435 4381 535 4433 Christi
555 4381 789 4450 praedicationem
809 4377 967 4447 sublatam]
988 4378 1028 4430 sic
1043 4375 1149 4446 aptata
1168 4375 1265 4431 saura:
1288 4381 1360 4432 abla-

134 4471 182 4518 tam
200 4469 352 4524 discordem
371 4467 475 4519 Christi
495 4467 741 4536 praedicationem,

209 4553 235 4620 b)
260 4553 350 4622 tara]
376 4553 416 4606 sio
440 4559 514 4604 recte
533 4552 632 4613 Soult.;
661 4551 765 4620 Epist:
793 4551 868 4602 1528.
893 4577 927 4588 -
950 4547 1168 4601 Melanohthonis
1198 4565 1360 4617 responsum

137 4638 160 4687 d.
176 4639 199 4689 8.
217 4641 302 4706 April.
322 4641 398 4692 1529.
419 4639 512 4690 datum
531 4640 630 4704 legitur
652 4640 678 4688 in
700 4637 779 4704 Corp.
798 4636 858 4688 Rei.
877 4637 938 4690 Vol,
953 4636 974 4688 l.
995 4653 1022 4702 p.
1034 4633 1213 4688 1048-1050.
1233 4637 1282 4689 Νο.
1298 4637 1358 4690 698.
