3072 5208
426 341 675 406 surrentinum
699 345 783 398 auu1
813 348 889 403 recu.
1223 329 1288 401 itt

51 551 120 611 480.
158 553 214 608 Νο.
228 547 337 611 ὃθῦἵῑ.
384 546 460 632 (Vol.
475 551 530 608 lx.
550 573 578 626 p.
597 551 704 634 10⁷7.)
1146 557 1288 616 tonina

156 633 323 665 Μ
1157 645 1283 674 Μ

255 759 445 838 Hubertus
472 765 689 858 bouquetus
714 763 767 832 nd
791 762 1131 837 Metanatttonem.

111 930 169 982 Hae
191 931 287 980 literae
307 935 334 980 et
352 933 498 992 sequentes
517 929 632 983 ιιο.484.
644 929 807 982 exhibentur
826 933 852 982 iu
874 933 957 983 hoece
976 931 1059 984 libro:
1076 933 1284 985 ArcanaSeculi

149 1015 251 1066 decimi
271 1015 350 1066 sexti.
387 1013 528 1064 liuberti
560 1013 732 1080 Langueti
764 1017 897 1083 epistolae
917 1024 1093 1068 secretae-
1111 1043 1144 1056 -·
1173 1019 1217 1070 ed.
1245 1019 1285 1074 lo.

145 1100 393 1152 Petr.Ludovicus.
420 1097 521 1167 (Halae
534 1100 745 1156 Hermunduror.
767 1103 841 1156 1699.
862 1103 904 1168 4⁰)
929 1103 960 1158 P.
973 1103 1008 1153 ll.
1028 1102 1087 1156 Lib.
1101 1104 1136 1157 ll.
1157 1104 1284 1172 p.398q.

144 1189 231 1256 epist.
246 1187 306 1240 XV.
326 1195 354 1237 et
373 1204 398 1252 p.
413 1187 524 1241 40-42.
545 1188 625 1254 epist.
645 1185 718 1242 XVl.

106 1391 303 1455 Clarissimo
331 1387 411 1454 Viro
443 1391 642 1464 eruditione,
670 1398 796 1454 virtute
824 1405 859 1454 et
878 1401 1008 1474 pictate
1027 1401 1222 1476 praestanti

154 1491 202 1557 D.
225 1493 385 1580 Philippo
408 1492 627 1568 Morantur,
649 1491 791 1558 Domino
815 1508 847 1558 et
867 1503 1086 1585 praeceptori
1106 1518 1165 1560 suo

555 1595 770 1662 observando.

126 1759 157 1817 S.
196 1758 383 1817 Reverendo
406 1757 538 1818 Domine
563 1756 760 1831 Praeceptor.
805 1759 881 1819 Gum
904 1756 1023 1819 amicus
1048 1774 1136 1818 meus
1158 1757 1194 1819 D.
1211 1755 1281 1818 Phi-

47 1858 150 1935 lippus
175 1860 358 1920 Dreobstad.
399 1859 448 1919 uir
482 1858 598 1938 insigni
622 1859 814 1932 eruditione,
836 1861 951 1922 virtute
982 1865 1014 1920 et
1036 1859 1157 1938 pietate
1190 1878 1281 1937 prse-

47 1963 122 2022 ditus
146 1964 187 2024 ad
214 1982 271 2024 vos
294 1962 564 2038 proficisceretur:
591 1981 654 2023 non
677 1965 765 2024 volni
790 1965 922 2025 eumad
946 1970 979 2023 te
1010 1961 1082 2023 siue
1104 1961 1183 2022 meis
1209 1963 1280 2024 lite-

46 2064 86 2124 ris
109 2068 236 2137 uenire,
258 2066 449 2144 praesertim
473 2083 542 2127 curu
566 2066 640 2145 ipse
663 2066 706 2126 sit
738 2071 782 2127 tul
806 2065 1051 2137 amantissimus,
1088 2071 1120 2126 et
1141 2073 1173 2126 te
1202 2065 1279 2127 ulio-

48 2169 96 2242 qui
118 2173 260 2232 salutare
283 2177 316 2231 et
340 2172 480 2247 colloqui
506 2172 612 2230 vellet.
658 2172 760 2242 Quare
783 2191 801 2232 a
824 2177 856 2231 te
881 2187 942 2232 nou
966 2173 1126 2245 lampeto
1149 2174 1183 2231 ut
1206 2185 1279 2232 eum

48 2273 224 2336 humaniter
247 2274 386 2349 excipias
409 2274 496 2358 (uam
520 2275 552 2334 id
576 2274 810 2354 semperiacis)
833 2291 925 2351 quam
947 2278 983 2336 ut
1005 2271 1111 2350 aliqua
1133 2289 1276 2344 moneas,

49 2391 123 2450 quac
145 2378 308 2453 pertinent
342 2380 380 2439 ad
406 2377 539 2455 Reipub.
564 2383 596 2438 et
618 2378 780 2438 Ecclesiae
804 2384 932 2439 nostrae
961 2375 1223 2454 tranquillitatem
1246 2385 1278 2438 et

48 2482 181 2544 salutem.
230 2483 330 2542 Crede
354 2480 431 2541 mibi
453 2481 534 2542 nihil
558 2487 665 2558 potest
689 2480 781 2542 nobis
805 2482 951 2542 accidere
974 2480 1104 2559 gratius,
1128 2487 1278 2555 quarunt

47 2589 74 2642 te
96 2588 192 2647 multa
216 2593 395 2647 monentem
420 2593 451 2645 et
474 2587 640 2646 docentem
663 2587 837 2648 audiamus.
872 2586 1037 2647 Ecclesiae
1060 2591 1189 2645 nostrae
1213 2585 1275 2645 siu·

47 2688 138 2761 gulari
164 2690 224 2750 Dei
248 2690 405 2751 beneficio
428 2683 531 2750 adbuc
553 2697 728 2761 seruantur,
765 2708 833 2752 cum
858 2688 983 2767 quidem
1007 2708 1026 2750 a
1048 2687 1154 2749 multis
1176 2689 1275 2748 hosti-

48 2791 96 2850 bus
119 2795 335 2855 obsideantur.
379 2793 550 2870 Staphylus
573 2801 607 2855 et
629 2794 789 2873 Episcopi,
828 2811 958 2871 quorum
990 2792 1092 2870 aliqui
1128 2799 1201 2853 suut
1241 2791 1273 2851 in

48 2896 119 2965 aula,
143 2897 371 2974 imperatorem
394 2899 433 2958 ad
456 2913 604 2959 summam
629 2898 847 2960 crudelitatem
872 2898 1016 2969 incitant,
1054 2896 1109 2974 qui
1146 2896 1273 2972 quidem

48 3000 183 3062 omnibus
209 2999 380 3077 Episcopis
403 3002 435 3061 in
457 3001 626 3071 Pannonia,
649 3001 786 3070 Austris,
809 3000 960 3071 Manavia,
985 3007 1016 3060 et
1039 2999 1158 3061 Silesia
1189 3017 1274 3059 man-

48 3099 142 3162 dalum
165 3104 265 3175 dedit,
288 3110 323 3164 ut
346 3103 461 3164 eiectis
484 3104 680 3175 lutheranis,
705 3105 880 3166 catholicos
902 3108 937 3162 ut
960 3110 1082 3174 vocant,
1106 3101 1273 3163 conciona-

48 3207 125 3265 tores
148 3209 350 3270 constitnaut.
395 3207 465 3268 Fuit
500 3209 570 3269 beri
607 3210 691 3286 apud
714 3225 763 3268 me
800 3216 907 3285 pastor
935 3205 1060 3284 quidam
1096 3206 1273 3266 lucebimus

49 3309 173 3382 nomine,
206 3313 260 3388 qui
284 3314 359 3372 olim
392 3312 422 3372 iu
446 3314 506 3372 bac
528 3319 636 3382 nostra
658 3309 797 3372 Ecclesia
820 3313 885 3389 egit
907 3309 1095 3380 Diaconum,
1130 3310 1158 3369 is
1194 3307 1274 3369 mihi

47 3417 186 3487 narravit,
221 3415 344 3490 aliquot
367 3413 439 3490 pios
461 3420 604 3490 pastores
652 3417 690 3475 ab
727 3414 884 3490 Episcopo
909 3411 1083 3473 Olminensi
1126 3412 1205 3471 clam
1240 3409 1272 3469 iu

48 3527 163 3578 carcerc
187 3520 271 3580 lame
295 3523 425 3579 necatos
449 3533 539 3580 esse:
562 3517 684 3594 aliquot
708 3533 785 3577 vero
810 3519 846 3578 ab
870 3517 1027 3590 Episcopo
1050 3513 1197 3574 Nissensi
1219 3511 1271 3572 de-

48 3613 134 3680 tineri
163 3622 199 3682 iu
223 3619 371 3692 vinculis,
403 3622 521 3685 multos
534 3617 558 3704 ¹)
583 3623 676 3682 etiam
713 3637 751 3680 ex
777 3618 844 3680 suis
867 3619 1022 3680 Ecclesiis
1047 3615 1131 3684 elici.
1176 3615 1273 3677 Suum

48 3727 206 3789 praeterea
230 3739 336 3784 casum
371 3739 447 3784 sane
475 3723 684 3783 miserabilem
722 3722 893 3783 recensuit.
936 3719 1007 3782 Fuit
1031 3721 1112 3780 euim
1134 3717 1185 3778 hic
1207 3720 1274 3780 loa·

48 3820 159 3888 eluimus
197 3834 307 3904 pastor
341 3826 371 3887 in
396 3825 529 3901 quodam
552 3843 635 3902 pago
658 3828 715 3886 sub
739 3825 872 3888 Domino
896 3841 915 3885 a
935 3823 1084 3886 Fulstein.
1129 3821 1174 3884 Eo
1198 3821 1272 3898 Epi-

49 3930 356 3998 scopusolmizensis
380 3917 468 3990 mieit
492 3931 553 3990 300
567 3927 699 4006 equites
724 3931 778 4005 qui
801 3929 840 3989 de
862 3928 1037 4004 improviso
1060 3924 1271 4003 impressione

49 4025 121 4090 lacta
142 4039 313 4108 pastorem,
337 4031 369 4092 iu
395 4034 505 4110 populi
529 4033 748 4093 commuuione
771 4033 808 4092 ab
832 4033 913 4108 ipsis
937 4029 1033 4092 sacris
1056 4029 1211 4099 avulsum,
1227 4028 1271 4099 vi,

49 4133 182 4198 mandato
219 4137 421 4211 Imperatoris
446 4143 477 4196 et
501 4134 648 4210 Episcopi
683 4152 773 4196 curru
806 4136 1013 4198 abduxerunt.
1058 4131 1111 4193 llle
1145 4133 1178 4193 iu
1199 4128 1273 4204 Epi-

51 4237 132 4311 scopi
154 4240 277 4301 ditione
315 4243 346 4302 iu
371 4240 504 4317 quadam
527 4255 600 4301 arce
623 4245 756 4316 angusto
781 4240 898 4300 carceri
938 4238 1079 4299 inclusus
1103 4241 1161 4307 est,
1189 4235 1270 4297 adeo

50 4341 77 4393 ut
98 4356 228 4404 necesse
247 4345 342 4405 luerit
365 4361 437 4404 euru
462 4344 509 4403 vel
534 4341 651 4402 erectis
674 4343 726 4402 vel
749 4345 876 4418 paulum
900 4341 1027 4402 inflexis
1050 4337 1193 4418 genibus,
1217 4355 1268 4400 ca·

50 4505 242 4529 'x—-n

129 4615 150 4666 ll
177 4613 289 4682 arcillos]
312 4617 351 4666 sic
372 4615 486 4682 scripsi;
512 4615 529 4665 l.
544 4615 561 4666 l.
583 4621 640 4679 [γρ.
662 4628 752 4664 errore
771 4614 887 4678 legitur:
907 4613 999 4665 multis
