3152 5208
233 337 297 414 ott
775 363 957 420 arrarum.

234 520 358 597 piorum
382 521 545 582 doctorum
581 525 613 582 et
640 522 819 585 auditorum
854 524 986 586 fractum
1020 539 1273 601 oppressumque
1296 541 1377 588 esse.
1420 527 1465 590 De
1556 585 1557 608 ἶ

235 642 298 701 qua
319 643 354 688 re
386 640 437 686 me
458 624 563 686 adbuc
598 623 673 686 istic
701 634 874 703 praesenta
907 626 1061 704 plurimae
1083 627 1147 688 tide
1170 628 1337 705 dignorum
1358 629 1468 690 literae

234 727 310 801 tibi,
348 727 411 791 imo
436 732 468 789 et
487 727 725 790 advenientium
747 731 873 792 exulum
897 745 1062 792 sermones
1084 727 1244 806 propositi
1266 737 1348 792 sunt.-
1392 731 1470 806 Scis,
1544 715 1557 780 ’ἶ

233 847 415 909 canamque
438 831 829 905 ordinationenem
853 839 1006 896 testantur
1016 833 1098 895 ultra
1119 832 1209 894 mille
1220 839 1322 894 testes
1334 833 1471 912 Lipsiae,
1556 829 1557 898 l

234 937 443 998 constantiam
464 935 717 1014 totiusregionis
739 935 990 1014 tuapruesentia
1013 944 1044 1000 et
1067 935 1239 1000 autoritate
1261 945 1470 1016 oppugnatam
1556 957 1557 960 ¹

234 1057 316 1105 esse.
367 1043 410 1100 Ac
433 1039 575 1114 prolecto
600 1038 629 1101 si
652 1046 727 1101 tunc
749 1045 849 1105 status
873 1046 906 1103 ct
926 1041 1112 1120 praesertim
1134 1039 1286 1122 nobilitas
1312 1037 1377 1100 tuis
1402 1059 1472 1101 ena·

233 1145 317 1206 siliis
341 1143 527 1218 cessissent,
565 1142 595 1202 in
620 1143 741 1206 duobus
763 1145 930 1207 mensibus
965 1151 1032 1206 tota
1054 1145 1119 1206 ista
1140 1142 1231 1220 regio
1260 1142 1356 1220 plena
1380 1143 1469 1220 papi-

232 1245 322 1310 sticis
345 1244 571 1323 impietatibus,
595 1244 697 1306 eiecta
721 1262 797 1322 pura
819 1247 987 1326 religione,
1010 1247 1124 1309 luisset
1148 1251 1207 1306 etc.

318 1383 403 1446 ilaec
427 1382 589 1444 evidentia
611 1399 648 1443 ac
670 1391 805 1458 syncera
827 1387 1012 1462 argumenta
1038 1383 1171 1461 primurn
1205 1382 1341 1444 demea
1364 1382 1471 1441 volun-

231 1493 298 1549 tate
321 1505 358 1548 an
382 1484 499 1557 animo,
533 1483 649 1548 deinde
672 1493 704 1547 et
729 1488 769 1548 de
793 1488 866 1565 ipso
890 1486 1107 1564 Adiaphorico
1130 1473 1263 1563 negotio
1300 1497 1472 1545 recensere

231 1591 326 1663 volui,
348 1610 411 1652 uon
433 1595 496 1652 tam
518 1596 552 1651 ut
574 1607 631 1667 pro
654 1605 725 1652 mea
748 1591 931 1654 innocentia
953 1591 1138 1670 pugnarem,
1161 1606 1253 1666 quam
1280 1595 1315 1649 ut
1337 1585 1400 1650 tibi
1422 1605 1471 1648 nc-

231 1695 392 1760 casionem
415 1694 614 1772 praeberem,
637 1693 754 1757 rectius
776 1712 844 1758 rem
866 1701 965 1758 totam
989 1693 1197 1770 expendendi,
1220 1692 1332 1770 ¹(teque
1354 1693 1468 1754 tollen·

231 1795 281 1860 dis
304 1795 497 1860 exlicclesia
518 1797 570 1858 dei
593 1798 754 1860 erroribus
778 1803 810 1858 et
831 1815 912 1875 pace
935 1797 1107 1860 sancienda
1131 1796 1183 1874 pie
1209 1793 1385 1874 cogitandi.
1409 1793 1470 1855 lam

231 1904 264 1961 et
299 1897 484 1962 damtione
516 1899 667 1962 abolendi
704 1899 786 1965 istos
810 1919 936 1964 errores
972 1900 1226 1976 muniendaeque
1248 1899 1338 1977 pacis
1372 1915 1471 1974 pauca

230 1999 341 2063 dicam.

315 2136 440 2200 Summa
475 2142 505 2199 et
528 2153 644 2217 scopus
667 2143 845 2202 ‘nostrarum
869 2135 1092 2218 cogitationum
1116 2145 1149 2198 et
1171 2135 1408 2199 desideriorum
1443 2138 1471 2198 is

230 2235 289 2313 est,
319 2247 354 2303 ut
377 2257 501 2318 errores
538 2245 570 2302 et
601 2244 686 2304 inter
707 2243 790 2306 alios
814 2245 913 2306 etiam
937 2241 1161 2319 adiaphoricus
1185 2257 1226 2302 ex
1248 2239 1396 2304 Ecclesia
1418 2240 1472 2302 dei

228 2347 355 2420 penitus
377 2346 516 2416 tollatur,
547 2346 604 2426 qui
639 2343 711 2406 dum
734 2351 862 2410 manent
885 2347 916 2408 in
939 2345 1094 2416 Ecclesia,
1128 2361 1192 2406 non
1214 2343 1309 2406 aliter
1331 2363 1369 2406 ac
1394 2341 1471 2406 tabi-

227 2447 318 2508 ficum
342 2446 462 2525 aliquid
477 2452 634 2509 venenum
658 2447 689 2509 in
714 2465 847 2526 comere
869 2449 1008 2513 hominis
1030 2448 1177 2520 haerens,
1200 2453 1254 2509 aut
1275 2447 1379 2508 veluti
1403 2465 1472 2510 can·
1556 2485 1557 2510 t

229 2543 284 2610 cer
304 2552 388 2610 teste
400 2549 495 2610 Paulo
519 2552 584 2634 late
608 2553 767 2628 serpendo
792 2553 900 2614 omnia
922 2551 1054 2614 inficere
1075 2557 1108 2612 et
1129 2550 1299 2614 corrodere
1322 2557 1471 2628 pergunt.

228 2651 330 2735 Quare
366 2667 405 2713 eo
428 2669 492 2713 nou
517 2651 641 2715 sublato
664 2655 781 2716 nullam
804 2654 880 2733 piac
903 2655 992 2735 pacis
1026 2655 1182 2716 rationem
1207 2667 1337 2714 cernere
1360 2669 1472 2728 possu-

227 2771 304 2816 mus.
349 2755 427 2818 Suut
450 2771 526 2817 vero
562 2771 676 2818 causae
700 2765 843 2833 quatuor,
881 2775 935 2820 cur
968 2757 1032 2818 iste
1056 2774 1142 2817 error
1176 2753 1219 2817 sit
1255 2756 1359 2834 magis
1395 2757 1469 2818 aliis
1556 2763 1557 2820 l

228 2859 325 2918 etiam
360 2859 392 2918 in
414 2855 579 2934 posterum
601 2857 825 2922 formidandus.
860 2859 977 2935 prima,
1008 2861 1083 2937 quia
1106 2859 1178 2920 eius
1201 2861 1329 2920 autores
1353 2859 1471 2936 magni·
1556 2847 1557 2898 1

211 2963 305 3023 'fiunt
328 2961 458 3022 attinnt
481 2961 679 3024 inllnclesia.
704 2964 854 3036 secunda,
881 2965 956 3042 quia
979 2969 1029 3024 est
1051 2961 1186 3024 maxime
1201 2959 1471 3022 secundumhauc
1556 3045 1557 3048 Ἴ

227 3071 403 3140 corruptam
426 3070 579 3136 naturam,
594 3063 677 3126 Nihil
703 3066 787 3127 enim
810 3066 912 3145 magis
934 3069 1081 3142 probatur
1103 3061 1207 3126 veteri
1220 3064 1351 3134 Adamo,
1375 3077 1471 3138 quam
1556 3121 1557 3148 ᾗ

227 3168 265 3227 in'
283 3166 558 3242 persecutionibus
591 3167 733 3243 pericula
756 3169 1002 3248 exhorrescere,
1035 3167 1224 3246 religionem
1259 3149 1473 3244 parvifacere,
1556 3149 1557 3226 ἶ

226 3267 415 3340 claudicare,
446 3265 578 3330 'humero
601 3278 738 3348 utroque
762 3278 898 3350 tragare,
922 3273 1045 3334 duobus
1067 3269 1206 3333 dominis·
1224 3269 1311 3330 uelle
1331 3268 1472 3346 servire,
1556 3283 1557 3348 j

227 3381 259 3434 et
282 3389 411 3434 servare
436 3373 581 3446 animam,
611 3380 644 3435 ut
666 3375 810 3436 Christus
834 3375 920 3437 dicit.
964 3375 1082 3448 Tertia,
1120 3375 1195 3451 quia
1215 3373 1312 3435 habet
1333 3368 1468 3451 magnas

227 3481 374 3538 externas
398 3489 508 3537 causas
548 3481 580 3536 et
602 3475 693 3553 quasi
716 3477 925 3540 necessitates
948 3477 1108 3556 quasdam,
1131 3491 1247 3552 nempe
1267 3475 1472 3551 persecutio·

225 3589 297 3640 num
319 3576 484 3654 pericula,
504 3579 605 3664 ¹qu'od
637 3580 694 3640 alii
719 3593 838 3641 errores
869 3581 992 3656 proprie
1024 3597 1086 3642 non
1110 3582 1236 3642 habent.
1282 3573 1359 3652 Quis
1385 3580 1471 3640 errim

225 3682 310 3760 cogit
352 3681 488 3754 Arrium,
512 3681 705 3755 Osiandrnm,
729 3682 960 3756 Sohuencteld,
984 3686 1148 3760 Anabapt,
1182 3690 1218 3743 ut
1251 3681 1329 3742 talia
1352 3680 1472 3744 deliria

225 3787 429 3861 proponenti
471 3783 601 3874 Ultima,
636 3769 711 3863 quia
740 3789 802 3848 *sub
825 3789 939 3849 blanda
972 3785 1201 3864 plausibilique
1225 3787 1334 3862 specie
1371 3789 1471 3846 totum

226 3907 333 3950 veram
355 3888 548 3968 religionem
572 3890 712 3951 funditus
745 3891 911 3966 pervertit,
944 3899 983 3952 ut¹
1003 3892 1201 3967 experientia
1222 3895 1367 3966 tempore
1388 3889 1471 3948 inte·
1556 3951 1557 3960 ἶ

228 3989 284 4052 rim
308 4000 501 4068 compertum
524 3999 582 4054 cst.
1556 3971 1557 3984 ¹

236 4109 239 4116 ⁴
310 4132 358 4194 Ad
381 4131 555 4193 tollendum
587 4147 681 4208 porro
716 4129 812 4193 istum
836 4147 973 4192 errorem
1008 4128 1268 4207 sarciendemque
1304 4127 1469 4191 internos
1556 4113 1557 4148 l

223 4219 454 4310 piempaccm,
477 4213 778 4313 quatu01·putamus
802 4251 876 4294 esse
900 4234 1024 4296 omnino
1048 4233 1161 4306 aditus,
1193 4250 1324 4311 quorum
1347 4232 1467 4312 primus

224 4343 283 4407 est,
313 4344 346 4398 ut
364 4312 526 4398 ‘iudicium
551 4337 672 4411 aliquot
708 4335 955 4414 intelligentium
987 4343 1018 4397 et
1040 4356 1102 4398 non
1124 4337 1303 4412 partialium
1325 4337 1465 4406 fratrum,

223 4440 262 4500 ad
287 4441 370 4515 quod
394 4439 454 4500 iem
479 4445 552 4501 aute
574 4438 735 4501 biennium
759 4439 1014 4519 provocavimus,
1038 4443 1255 4505 constituatur.
1285 4439 1460 4509 Secundus,

222 4525 258 4601 ut
280 4549 406 4604 nostros
429 4543 503 4605 illos
525 4545 640 4604 molles
662 4543 828 4617 articulos,
860 4529 945 4623 quos
961 4561 1039 4607 vere
1062 4544 1165 4624 primo
1190 4529 1280 4607 uobis
1299 4543 1393 4614 misi,
1431 4547 1463 4602 et

222 4639 356 4706 nuncin
381 4645 469 4707 edito
494 4647 606 4707 libello
629 4649 755 4710 recitati
780 4644 862 4722 sunt,
886 4648 1131 4724 amplectamini,
1154 4649 1189 4711 in
1211 4643 1322 4726 qumis
1345 4649 1461 4708 tantum
