3152 5208
532 471 533 474 ¹
631 457 813 514 rurruurx.
1285 435 1349 512 537

116 712 188 771 555.
221 708 402 768 N'o.3361¹².
439 707 513 790 (vot.
526 709 577 767 VI.
600 729 628 784 p.
645 703 709 788 19.)
836 743 839 748 ·
1079 705 1129 764 27.
1152 707 1212 762 Ian,
1237 704 1326 764 latu.

222 795 384 822 M
1073 785 1343 820 W

380 943 429 1015 Io.
457 939 635 1022 licentius
672 935 723 1011 dd
748 934 1090 1010 Melanchtlrouem.

180 1109 202 1158 E
221 1109 347 1160 Pressclli
364 1107 432 1160 libro
452 1121 534 1175 supra
553 1107 650 1178 palli),
671 1109 821 1164 recensito:
841 1106 980 1158 Anecdota
998 1106 1144 1159 Breutiana
1163 1123 1188 1173 p.
1201 1109 1349 1164 252454.

218 1210 262 1251 uo.
282 1189 402 1250 dXXlll,
1187 1211 1190 1216 ·

565 1383 762 1472 (Inscriptio
784 1391 901 1470 deest.)

202 1563 231 1626 S.
257 1565 287 1626 in
313 1555 446 1628 Christo.
491 1565 553 1626 Nou
573 1563 695 1636 dubito,
727 1535 993 1628 amicissimemi
1021 1541 1179 1640 Philippa,
1212 1563 1284 1636 quiu
1317 1567 1349 1619 tu

114 1666 187 1742 ipse
210 1671 313 1728 tecum
337 1667 501 1740 coniicias,
536 1675 650 1746 quanto
675 1667 772 1732 animi
795 1671 905 1731 dolore
936 1675 967 1729 et
990 1665 1190 1746 aegritudine
1221 1673 1349 1758 quanto-
1450 1695 1453 1701 ·

114 1787 178 1847 que
201 1773 309 1832 nostro
334 1763 530 1833 incommodo
554 1779 606 1833 tua
621 1775 804 1850 praesentia
825 1773 856 1834 iu
881 1775 941 1834 hac
965 1769 1088 1860 συνόδῳ
1112 1787 1265 1832 carcinus.
1288 1769 1350 1828 Sed

114 1881 271 1950 quaeest
300 1873 379 1935 ratio
404 1874 596 1937 valetudinis
619 1879 692 1937 tuae
728 1884 759 1937 et
791 1875 920 1939 aliarum
952 1877 1116 1939 multarum
1138 1894 1253 1943 rerum,
1291 1891 1351 1932 nou

115 1975 269 2036 debemus
293 1977 353 2038 tibi
387 1981 468 2044 hauc
490 1979 677 2040 felicitatem
706 1980 861 2040 inuidere.
906 1981 970 2050 Est,
994 1965 1223 2056 per·suademus
1247 1976 1351 2042 nobis,

115 2079 203 2156 quod
238 2065 300 2140 nou
334 2063 396 2140 tam
425 2082 560 2144 humana
597 2099 689 2158 quarn
713 2081 822 2143 diviua
844 2086 1007 2146 voluntate
1032 2084 1196 2145 detineris.
1247 2080 1350 2152 Quare

115 2183 253 2243 feremus
276 2185 360 2259 qued
382 2185 496 2248 accidit
518 2201 620 2262 aequo
644 2185 749 2246 animo
779 2193 810 2245 et
833 2186 973 2248 dicemus
996 2189 1036 2248 ad
1057 2187 1242 2250 Dominum:
1292 2185 1351 2244 Ob-

116 2289 261 2346 mutesco
286 2294 318 2348 et
339 2306 403 2348 nou
425 2290 564 2363 aperiam
599 2307 636 2348 os
658 2305 776 2359 meum,
814 2290 889 2364 quia
918 2297 949 2349 tu
973 2289 1087 2350 fecisti.
1132 2285 1351 2349 Gratissimum

116 2394 178 2461 est,
210 2391 294 2468 quod
316 2386 412 2455 liceat
433 2391 511 2455 milri
543 2395 713 2454 occasione
736 2401 862 2480 nostrae
892 2389 1030 2458 συνόδου
1063 2395 1250 2456 contrahere
1286 2409 1348 2452 uon

118 2500 223 2562 solun
246 2498 494 2562 amicitiam-sed
519 2499 615 2566 atium
637 2496 884 2560 familiaritatem
918 2517 986 2562 curn
1010 2502 1048 2568 Ι).
1067 2498 1251 2578 'Georgia
1275 2497 1349 2558 lda-

117 2603 230 2672 iore,
252 2618 345 2680 qaam
367 2619 465 2678 saepe
488 2603 594 2665 audiui
617 2603 742 2664 doctum
766 2592 798 2662 e't
820 2601 907 2680 pium
930 2602 1034 2665 virum
1053 2602 1239 2682 praedicari.
1264 2641 1266 2649 ·
1286 2598 1351 2660 Etsi

119 2713 226 2775 autern
248 2725 310 2768 nou
334 2709 460 2786 ignarus
484 2725 520 2768 es
543 2723 634 2768 rneae
656 2706 830 2779 tenuitatis,
860 2715 964 2770 tarnen
1004 2707 1033 2768 si
1069 2709 1140 2786 quis
1176 2707 1240 2768 mei
1275 2719 1352 2764 usus

120 2815 181 2880 est,
205 2810 444 2887 haudquaquam
466 2811 562 2872 deero
588 2809 627 2872 ei.
671 2808 738 2888 Ego
763 2811 823 2871 iarn
838 2815 865 2873 ¹9
890 2811 1104 2878 hebdomades
1135 2810 1188 2874 hic
1209 2811 1265 2882 fui,
1295 2805 1352 2866 sed
1398 2813 1400 2819 '

119 2911 320 2972 consuetudo
344 2914 537 2991 collegarum
570 2911 727 2990 mitigavit
754 2912 833 2974 milri
866 2915 1013 2975 taedium.
1058 2915 1146 2988 Quod
1169 2913 1265 2992 igitur
1286 2913 1353 2972 lau·

119 3021 204 3074 stum
227 3009 376 3090 felixque
404 3016 456 3086 sit,
493 3015 684 3091 colloquium
707 3015 776 3086 hoc,
801 3015 833 3074 in
857 3032 920 3091 qno
944 3017 1022 3078 lraec
1044 3018 1158 3086 scribo,
1184 3021 1221 3076 et
1239 3031 1354 3074 memo-

120 3120 190 3179 riae
214 3119 430 3194 Glrrysostomi
455 3118 590 3180 dicatum
626 3119 677 3177 vel
702 3119 826 3178 tandem
859 3128 1004 3196 coeptum
1029 3127 1076 3181 cst
1106 3117 1236 3180 institui.
1281 3117 1355 3176 Bu·

120 3236 239 3280 cerus
263 3221 429 3296 oppositus
447 3223 494 3281 es't
510 3221 705 3291 llalueudae,
728 3221 765 3282 D.
784 3221 982 3298 Georgius
996 3221 1188 3293 Biliccio,
1211 3219 1355 3278 Schne-

119 3321 234 3402 pfius
258 3324 534 3385 Hofmcistero
564 3321 639 3384 item
662 3325 827 3394 monacho,
849 3323 915 3400 Ego
941 3326 1151 3385 Coclrlaeo.
1197 3317 1356 3397 Propositi

121 3431 195 3488 suut
218 3430 347 3490 nomine
370 3428 474 3490 Caroli
505 3426 684 3505 disputandi
706 3425 831 3487 articuli
865 3428 1075 3488 confessionis
1099 3435 1226 3488 nostrae
1249 3427 1357 3501 Angu-

122 3539 235 3592 stanae
259 3538 291 3592 et
314 3533 490 3594 iuclroauda
513 3530 684 3594 collocutio
708 3533 746 3592 ab
768 3529 901 3592 articulo
926 3530 1185 3606 iustificationis3
1221 3545 1291 3591 uam
1313 3529 1353 3588 de

122 3638 273 3718 originali
305 3645 437 3714 peccato
473 3638 580 3700 dicuat
621 3637 700 3698 satis
735 3651 807 3696 esse
840 3645 914 3696 aute
942 3639 1166 3716 disputatum..
1190 3632 1355 3711 Exemplar

126 3751 232 3805 autem
256 3743 349 3804 tulus
373 3743 604 3820 propositionis
627 3741 722 3802 mittit
737 3741 788 3802 ad
812 3747 845 3804 te
880 3744 916 3803 Ι).
939 3744 1112 3822 Georgius.¹
1151 3741 1355 3804 Deliberatur

124 3849 268 3909 nuuc'de
292 3847 446 3917 Notariis,
481 3846 536 3922 qui
561 3844 722 3922 excipiant
746 3845 990 3906 collocutionem
1025 3853 1058 3907 et
1081 3861 1158 3922 quos
1183 3847 1355 3923 episcopus

122 3965 256 4028 praeses
280 3966 315 4010 sc
339 3949 467 4010 nomine
491 3949 633 4009 Caesaris
668 3945 881 4008 ordinaturum
904 3949 1025 4026 recipit.
1069 3950 1199 4010 Praeses
1226 3945 1357 4022 Episco

123 4069 221 4128 copus
243 4050 481 4113 Eiclrstadeusis
505 4058 646 4128 apparet·
660 4050 710 4111 vir
733 4067 805 4112 esse
829 4054 983 4114 humanus
1021 4059 1053 4112 et
1077 4054 1115 4114 ad
1139 4048 1354 4112 conciliandas

123 4155 354 4218 controversias
376 4171 478 4216 rerum
502 4154 644 4216 civilium
667 4174 729 4215 non
752 4155 975 4226 incommodus,
1007 4157 1068 4217 sed
1101 4157 1185 4232 quod
1221 4154 1260 4214 ad
1284 4150 1355 4212 reli-

124 4261 253 4335 gionem
276 4257 389 4318 attinet
417 4256 601 4334 hyspanr‘dcr
624 4261 677 4320 καὶ
699 4251 877 4342 deposita.
907 4260 961 4320 Bis
983 4277 1042 4320 uos
1065 4259 1197 4329 vocarit
1214 4255 1253 4316 ad
1267 4272 1356 4330 prau-

124 4363 222 4424 dium.
267 4361 432 4435 Exemplar
456 4359 616 4436 colloquii,
653 4363 735 4436 quod
765 4380 833 4421 cum
863 4364 934 4439 ipso
959 4362 1107 4440 privatim
1140 4355 1354 4438 apriorilre*

124 4466 257 4534 luimus,
282 4464 321 4524 'ad
344 4470 375 4523 te
398 4463 542 4535 mittitur,
566 4469 597 4522 et
620 4484 689 4526 oum
712 4464 832 4526 diserte
855 4466 939 4527 dicat
961 4464 1150 4547 Episcopus,
1170 4480 1205 4524 se
1229 4475 1356 4524 manere

126 4586 193 4629 curn
216 4567 319 4627 ueteri
341 4584 455 4644 rugosa
476 4570 657 4638 matercula,
681 4569 850 4628 ecclesiam
873 4587 1030 4630 romanam
1054 4568 1249 4646 significans,
1271 4563 1357 4624 haud

126 4672 260 4732 obscura
283 4672 513 4748 cognoscimus,
551 4688 622 4733 euru
656 4689 717 4733 nou
740 4674 859 4734 habere
883 4691 1024 4750 maguam
1047 4672 1150 4732 odram
1186 4671 1239 4732 aut
1260 4668 1356 4727 ratio·

127 4791 195 4836 nem
217 4776 292 4849 piae
314 4773 484 4836 doetrinae.
528 4776 631 4838 Aurini
661 4776 878 4854 significarunt
901 4776 993 4838 nobis
1027 4778 1129 4839 literis
1155 4772 1237 4844 suis,
1271 4769 1354 4848 quod
