3116 5212
626 366 810 428 manuam.
1257 350 1324 421 aot

77 524 167 587 cives
193 521 345 586 retinere.
389 522 500 584 Totum
524 522 623 600 igitur
648 523 812 601 negotium
835 531 911 587 tuae
925 524 1171 608 prudentiaeet
1193 523 1323 601 integri-

77 626 134 689 tati
158 627 351 688 commendo.
399 625 472 688 Nam
497 626 581 702 quod
605 627 671 704 egi,
692 626 790 688 officii
813 645 908 693 causa
932 628 1002 704 agi,
1025 646 1087 690 nou
1111 625 1244 689 levitate
1265 629 1323 689 ali-

77 745 147 804 qua.
189 729 282 790 ,Bane
304 728 384 792 vale.
428 726 515 789 Mitto
544 726 762 791 illustrissimo
786 728 924 804 Principi
957 728 1023 792 filio
1047 729 1185 792 tabulam
1210 727 1322 805 stirpis

77 831 206 902 Christi,
232 832 264 894 in
289 846 349 906 qua
373 836 447 892 stant
469 828 598 892 additae
621 831 810 906 quarundam
828 831 970 908 gentium
994 829 1153 908 originas;
1178 847 1269 907 quam
1293 829 1323 892 si
1387 903 1390 910 Ι

77 933 242 998 videbitur
269 934 301 999 ei
325 932 505 996 exhibebis.
551 933 640 996 Mitto
665 941 697 996 et
720 931 778 994 tibi
801 936 941 998 alteram.
979 932 1032 996 aio
1057 936 1104 998 18.
1128 933 1219 996 lunii.

869 1071 1043 1149 Philippus.

160 1244 250 1306 llaec
286 1261 357 1306 cum
390 1244 583 1314 scriberem,
618 1243 844 1306 loachimas
894 1243 1149 1308 Camerarius

162 1351 328 1424 Augustae
351 1350 469 1418 aberat,
486 1363 587 1424 quam,
610 1345 871 1408 nisivaletudino
895 1347 1066 1424 impeditus
1091 1353 1148 1417 est,

160 1450 298 1511 arbitror
322 1451 361 1512 ati
385 1456 418 1512 te
441 1466 567 1528 quoque
591 1452 765 1527 profectum
789 1465 870 1512 esse.

77 2042 145 2102 ara.
184 2037 368 2110 vocarat.
413 2034 491 2120 (vor.
507 2035 588 2096 vm.
610 2059 638 2113 p.
655 2031 740 2114 aar.)
1067 2031 1317 2110 ausaparssa.

177 2126 353 2153 M
1078 2117 1274 2143 Μ

280 2253 442 2319 loannes
468 2245 648 2316 Breuitate
676 2242 728 2314 ad
754 2239 1094 2314 Metaoctrtooem.

173 2417 217 2470 lix
244 2416 340 2468 iisdem
371 2414 517 2468 Aucadotis
536 2412 691 2465 Brantlanis
721 2426 737 2463 a
761 2409 896 2464 Prcaaello
921 2409 1017 2462 editis.
1032 2423 1059 2475 p.
1077 2408 1239 2463 aaa-410.
1270 2424 1317 2464 uo.

218 2499 352 2556 caxxtl.

531 2653 726 2739 (Inscriptio
749 2654 866 2734 deest.)

157 2833 189 2893 S.
214 2831 249 2892 in
273 2829 410 2892 Christo.
455 2827 542 2889 Nihil
568 2843 642 2887 vero
667 2825 746 2888 mihi
780 2825 912 2904 gratius,
947 2824 1027 2886 nihil
1060 2825 1228 2886 iucundius
1251 2827 1314 2885 hoc

76 2932 204 3008 quiderm
228 2941 372 3012 tempore
395 2931 581 3010 contingere
605 2937 725 3005 posset,
750 2945 842 3006 quam
863 2936 898 2990 ut
922 2926 1035 2990 liceret
1057 2929 1136 2989 mihi
1159 2944 1217 2991 vos
1241 2946 1314 2989 con-

74 3039 201 3110 venire,
234 3035 263 3098 si
295 3039 335 3098 ad
365 3038 445 3099 nihil
470 3037 573 3106 aliud,
601 3041 686 3095 certe
725 3031 771 3106 εἷς
792 3028 828 3094 τὸ
851 3035 1160 3116 συμπαρακληθῆναι
1188 3031 1221 3094 ἓν
1243 3025 1316 3112 ὑμῖν

74 3135 124 3200 διὰ
147 3143 205 3224 τῆς
235 3137 268 3204 ἐν
288 3135 438 3218 ἀλλήλοις
458 3143 605 3213 πίστεως.
650 3137 713 3198 Sed
737 3137 801 3198 scis
839 3153 889 3198 me
925 3139 988 3199 mei
1021 3140 1081 3200 hac
1110 3137 1202 3200 inre
1235 3138 1315 3200 iuris

74 3259 133 3302 non
151 3259 239 3316 csse,
263 3246 296 3303 at
309 3243 458 3322 princeps
482 3244 573 3303 abest
594 3256 676 3302 nunc
698 3259 716 3302 a
735 3240 946 3318 Studtgardia,
970 3249 1004 3302 ut
1026 3259 1088 3303 non
1105 3239 1232 3319 'possim
1256 3242 1311 3302 ali·

75 3344 213 3418 quid‘da
237 3349 299 3408 hoc
321 3349 452 3426 negotio
476 3347 516 3408 ad
539 3363 611 3408 eum
633 3345 763 3407 referre.
809 3343 896 3416 Quod
928 3344 1027 3424 igitur
1049 3365 1131 3408 nunc
1154 3347 1254 3408 solum
1278 3347 1315 3406 ti·

74 3451 133 3518 cci,
158 3456 191 3510 et
217 3451 364 3527 precibus
387 3452 420 3512 in
443 3456 549 3511 vestro
574 3455 682 3510 sancto
707 3454 799 3509 coctu
822 3447 974 3510 intersum
998 3455 1029 3510 et
1052 3447 1152 3510 literis
1188 3453 1220 3510 te
1251 3450 1313 3510 col·

74 3549 197 3628 loquor.
231 3553 298 3614 Non
312 3553 427 3624 credis,
452 3554 600 3628 quantum
616 3553 769 3622 dolorem,
794 3558 941 3627 quantam
963 3549 1061 3614 animi
1083 3550 1313 3630 aegritudinem

75 3654 287 3718 excitaverint
309 3658 341 3717 in
365 3671 415 3716 me
439 3657 519 3716 hacc
541 3655 728 3716 Osiandrica
750 3655 933 3716 certamina.
976 3653 1084 3725 Initio,
1120 3671 1188 3715 cum
1210 3654 1314 3715 adhuc

74 3756 104 3817 in
129 3759 231 3822 exilio
255 3775 393 3838 agerem,
418 3763 507 3820 crant
524 3757 602 3820 milri
615 3758 795 3820 virulentae
818 3757 997 3820 illaarixaa
1015 3771 1153 3836 prorsus
1173 3756 1313 3835 ignotae.

75 3858 168 3921 Paulo
191 3868 266 3940 post
302 3862 457 3923 adhibeor·
479 3863 511 3922 in
532 3853 795 3924 deliberationem
829 3861 900 3921 cius
923 3859 1057 3940 negotii,
1081 3868 1113 3923 et
1134 3861 1314 3922 scribuntur

77 3978 114 4022 aa
137 3981 219 4041 quae
242 3963 355 4026 vidisti
378 3973 411 4026 et
433 3965 465 4026 in
487 3965 591 4025 lucem
615 3966 701 4026 edita
723 3973 806 4026 sunt.
841 3964 887 4026 lbi
910 3981 1060 4026 summam
1073 3962 1149 4024 dedi
1172 3979 1312 4042 operam,

75 4072 108 4127 ut
131 4087 183 4131 res
206 4087 268 4132 non
291 4075 534 4145 exasperaratur
556 4070 613 4130 scd
630 4068 839 4148 mitigaretur.
883 4068 1034 4142 Quaesivi
1055 4071 1240 4133 tolerabiles
1263 4068 1313 4131 in·

75 4172 333 4249 imprecationes,
368 4171 483 4250 quibus
517 4177 685 4252 sperabam
722 4191 773 4235 me
796 4174 982 4238 Osiandrum
1015 4181 1070 4236 aut
1091 4180 1312 4236 revocaturum

76 4270 212 4340 inviam
246 4285 300 4341 aul
322 4280 541 4350 excitaturum,
574 4286 608 4340 ur
642 4281 833 4342 sententiam
856 4297 943 4343 suam
976 4280 1103 4355 planius
1127 4279 1310 4354 explicaret

78 4379 122 4436 Ac
143 4383 286 4459 profacto
308 4385 410 4445 fatcor
430 4400 482 4444 mc
504 4383 691 4446 Osiandrum
714 4401 837 4447 amasse
870 4384 967 4463 idque
996 4382 1133 4446 maxime
1155 4389 1209 4444 tua
1230 4382 1311 4449 iudi·

79 4481 138 4552 cio,
173 4487 256 4562 quod
292 4503 362 4548 eum
398 4487 557 4549 ecclesiae
580 4488 708 4564 publico
732 4489 851 4565 scripto
885 4488 930 4549 ita
952 4485 1242 4559 commendaveras,
1278 4494 1312 4549 ut

79 4584 300 4660 existimarem,
323 4607 372 4650 mc
395 4591 551 4670 flagitium
573 4590 753 4670 designare,
778 4593 806 4653 si
835 4592 931 4653 talem
954 4591 1056 4662 virum
1079 4609 1141 4652 uon
1164 4607 1309 4652 amarem.

77 4681 113 4744 Et
136 4693 238 4752 tamen
273 4691 304 4754 iu
330 4693 390 4754 lrac
412 4711 523 4756 caussa
545 4693 625 4758 nihil
648 4691 723 4756 dedi
755 4696 898 4772 privatae
920 4695 1090 4759 amicitiae.
1136 4695 1229 4759 Volui
1252 4715 1311 4778 pu·
