3116 5212
578 360 761 416 soranum
1246 347 1308 426 501

72 568 171 632 nostri
194 569 264 631 lesu
288 567 405 630 Christi
428 573 460 628 et
484 583 656 645 precamur,
690 574 725 630 ut
749 569 864 646 spiritu
886 585 944 630 suo
970 574 1079 632 sancto
1109 587 1170 630 uos
1190 573 1316 648 guber-⁹

72 680 134 744 net,
173 688 214 732 na
251 673 312 732 noc
346 669 463 748 insigni
494 687 531 732 ac
553 686 658 748 paene
688 671 915 746 inexpectabili
938 671 1097 734 beneficio
1132 676 1307 738 abutamur.

73 774 173 836 [tetuli
207 789 289 850 quae
323 775 363 835 de
386 773 507 836 Paulo
529 772 595 834 filio
618 773 789 837 Lutheri
820 773 957 856 petiisti,
990 776 1030 837 ad
1053 777 1305 840 illustrissimum

72 877 247 956 Principem
266 877 304 946 D.
328 875 596 956 christophorum,
622 875 674 954 qui
697 875 800 940 iussit·
815 895 865 939 me
887 878 949 941 tibi
972 880 1180 956 respondere,
1205 899 1241 943 se
1265 884 1306 945 ad

71 980 207 1046 iuvanda
228 981 334 1044 studia
356 980 444 1045 Pauli
477 982 650 1045 clementer
684 980 716 1044 ei
753 999 811 1058 per
833 999 883 1046 me
914 989 1145 1048 numeraturum
1186 987 1308 1063 aliquot

71 1084 156 1146 annis
180 1084 397 1162 quadragenos
420 1085 568 1146 florenos.
611 1083 680 1148 Etsi
702 1092 808 1148 cutem
831 1085 952 1148 maiora
974 1093 1048 1147 suut
1068 1085 1211 1148 Parentis
1235 1087 1306 1150 eius

72 1204 145 1266 erga
166 1206 226 1250 nos
265 1194 296 1249 et
329 1188 508 1250 universam
530 1185 706 1250 Ecclesiam
735 1189 855 1260 merita,
891 1206 983 1266 quam
1013 1197 1048 1252 ut
1070 1191 1129 1251 hec
1150 1171 1308 1267 pensione

70 1290 225 1370 gratitudo
249 1298 356 1354 nostra
378 1290 457 1354 satis
483 1290 640 1354 declarari
663 1292 818 1364 videatur,
842 1296 946 1356 mmau
969 1308 1066 1369 spero
1089 1293 1308 1358 vobisuolune

70 1401 166 1456 tatem
189 1392 344 1473 principis
374 1395 407 1456 in
429 1395 615 1456 isaurorum
637 1394 730 1458 huius
753 1395 897 1474 regionis
919 1394 1138 1473 dissipatione
1167 1412 1230 1460 oon
1261 1395 1308 1457 in-

71 1505 186 1577 gratam
218 1497 299 1562 iore
343 1495 440 1562 Visus
464 1504 513 1559 est
539 1503 646 1560 autem
684 1497 832 1574 princeps
856 1497 998 1562 vicissim
1028 1499 1092 1562 hoe
1110 1503 1236 1576 petere,
1270 1503 1307 1557 ut

71 1599 279 1662 dissimuletis
301 1600 429 1663 Paulum
459 1603 496 1663 ab
512 1617 561 1664 ,eo
591 1601 778 1677 pensionem
800 1600 958 1676 occipere,
996 1602 1067 1662 sive
1102 1618 1142 1663 ne
1164 1603 1310 1664 videatur

70 1711 194 1766 uestros
217 1703 410 1767 liberalitate
439 1702 580 1774 vincere,
615 1703 683 1764 sive
719 1704 783 1765 alio
806 1706 846 1766 de
872 1722 978 1767 causa.
1027 1703 1181 1782 Quicquid
1203 1713 1309 1766 autem

71 1808 122 1881 sit,
145 1810 233 1869 certe
256 1824 318 1884 quo
339 1807 491 1886 princeps
515 1812 565 1868 est
587 1805 721 1884 pietate,
744 1825 806 1869 non
830 1807 890 1868 erit
913 1797 1094 1870 inhonesto.
1141 1805 1243 1880 Quare
1278 1808 1306 1869 si

70 1908 112 1972 ito
132 1911 227 1974 vobis
250 1909 465 1972 videbitur'et
486 1910 601 1972 Paulus
621 1910 689 1972 vult
709 1913 773 1972 hoc
798 1911 950 1989 principis
972 1911 1128 1973 beneficio
1153 1911 1212 1981 uti,
1236 1925 1307 1972 sus·

71 2011 165 2089 cipiet
199 2009 301 2088 primo
334 2027 459 2090 quoque
487 2019 629 2088 tempore
652 2013 884 2088 protectionem
905 2013 945 2075 nd
969 2013 1140 2092 Tubiogom
1167 2031 1227 2076 nec
1249 2017 1304 2076 du-

71 2116 146 2178 bitet
169 2119 210 2178 de
234 2113 351 2179 nostris
386 2130 461 2193 erga
490 2114 597 2193 ipsum
627 2115 754 2178 officiis.
801 2118 880 2196 Legi
911 2122 1050 2178 vestram
1075 2114 1309 2179 confessionem

72 2225 102 2279 et
124 2235 164 2283 eo
187 2227 252 2281 tam
273 2216 411 2297 pedibus
434 2235 527 2295 quam
550 2220 695 2280 manibus
716 2217 750 2280 in
773 2225 859 2281 tuam
884 2216 1075 2281 sententiam
1101 2223 1131 2280 et
1154 2234 1216 2298 ago
1241 2219 1309 2282 illio

71 2321 126 2384 Dei
149 2320 282 2402 gratias,
305 2323 359 2399 qui
383 2323 468 2399 quod
491 2326 641 2400 precatus
664 2330 714 2384 est
736 2321 770 2382 in
792 2322 885 2385 nobis
908 2321 1083 2400 adimplet:
1112 2321 1168 2386 iro
1198 2322 1313 2400 πάντες

70 2423 103 2489 ἓν
124 2416 213 2492 ὦσιν.
258 2425 317 2487 Die
341 2427 369 2487 8.
392 2427 538 2490 Octobris
562 2432 771 2502 susceperunt
795 2427 892 2504 legati
915 2425 1072 2504 principis
1095 2423 1208 2498 nostri,
1233 2444 1311 2504 quo-

73 2547 136 2590 rum
160 2533 244 2592 alter
263 2535 312 2591 est
333 2529 447 2593 nobilis
470 2549 489 2592 a
511 2528 770 2609 Plieninger‚
784 2527 1128 2603 alteriorisconsultus‚
1142 2529 1313 2608 profectio·

72 2649 138 2694 nem
172 2633 213 2695 ad
246 2635 405 2710 synodum
428 2633 653 2706 Tridentiuom,
696 2631 732 2695 Si
766 2631 947 2695 instituetur
981 2631 1124 2712 legitima
1155 2631 1239 2695 ectio
1280 2640 1313 2694 et

72 2737 240 2814 promissio
276 2737 357 2800 solvi
380 2737 552 2800 conductus
586 2737 754 2815 aSynodo
790 2735 1033 2809 confirmabitur,
1070 2738 1239 2798 mittentur
1273 2752 1312 2796 eo

73 2837 162 2902 etiam
185 2829 354 2918 Theologi.
398 2837 612 2918 Significatum
636 2847 741 2902 eutem
770 2841 865 2902 nobis
889 2847 938 2902 est
959 2840 1138 2918 Episcopos
1171 2859 1231 2902 nou
1267 2840 1314 2900 in·

73 2943 204 3003 stituere
228 2957 341 3005 novam
366 2941 527 3020 Sponsum
565 2943 623 3002 sed
656 2943 797 3020 priorem
829 2929 1013 3004 continuare
1048 2949 1081 3003 et
1118 2942 1181 3003 ianr
1216 2941 1247 3004 in
1272 2957 1311 3003 eo

74 3060 155 3119 esse,
189 3051 227 3108 ut
260 3061 370 3106 omnes
406 3051 536 3117 veteres
572 3059 646 3108 suas
679 3045 862 3122 impietates
891 3045 930 3104 de
956 3043 1149 3106 eucharistia
1172 3043 1313 3105 decretis

73 3148 137 3210 suis
159 3149 354 3226 confirment.
377 3148 454 3210 Nam
477 3149 517 3210 de
541 3147 697 3228 prioribus
721 3147 927 3209 sacramentis
951 3146 983 3208 in
1007 3147 1166 3223 superiori
1189 3149 1310 3224 synodo

77 3268 146 3313 sues
182 3267 283 3329 nugas
327 3250 522 3312 effulserunt..
567 3251 669 3324 Quare
713 3250 795 3312 nihil
829 3250 923 3313 nobis
957 3249 1028 3328 spei
1063 3250 1103 3310 de
1140 3236 1201 3312 hac
1238 3269 1313 3326 syn·

75 3356 133 3417 odo
171 3355 312 3418 relictum
349 3361 407 3416 est.
452 3353 514 3415 Sed
550 3354 700 3432 quicquid
735 3353 785 3415 illi
820 3351 1023 3425 instituerint,
1052 3351 1139 3415 filius
1162 3352 1226 3425 dei,
1260 3350 1315 3428 qui

74 3460 226 3520 hactenus
249 3457 427 3520 dominatus
450 3463 500 3518 est
524 3458 556 3518 in
579 3441 686 3518 medio
709 3441 908 3519 inimicorum
932 3472 1070 3526 suorum,
1092 3461 1206 3532 perget
1228 3454 1313 3514 haud

74 3561 166 3622 dubie
190 3562 364 3623 Ecclesiam
387 3579 475 3623 suam
499 3570 532 3623 et
555 3561 726 3624 doctrinam
752 3562 822 3622 eius
853 3576 1052 3622 conservare.
1098 3560 1185 3620 Bene
1209 3575 1246 3619 ac
1268 3558 1315 3618 ie·

75 3661 177 3729 liciter
199 3667 284 3728 vale.
329 3665 562 3744 Gindeliingiee
593 3664 647 3726 die
673 3668 721 3728 15.
744 3667 810 3726 Oct
829 3667 938 3744 *Auno
963 3666 1013 3726 51.

881 3802 926 3866 lo.
949 3799 1104 3862 Brentius·
1209 3775 1212 3782 ’

243 3975 437 4036 Frectrtus
465 3980 498 4032 te
522 3977 705 4032 reverenter
727 3971 850 4032 salutat.

115 4773 210 4827 duppin.
230 4775 348 4815 teloneum.
