3072 5208
477 327 723 387 sunenrxaurn
744 327 825 388 auur
846 328 927 390 roso..
1256 308 1324 388 att

103 486 224 551 seruitus
247 494 279 547 et
301 486 447 564 pericula
469 483 593 560 alioqui
616 482 817 552 imminentia
840 480 988 554 existent.
1025 483 1123 556 Quasi
1139 499 1217 545 uero
1235 485 1322 549 Chri-

101 588 224 657 stianum
247 595 280 650 et
300 591 416 654 bonum
442 587 542 651 virum
567 604 628 649 non
652 584 761 662 potius
785 584 938 652 tortitudo
969 603 1007 646 ac
1030 582 1207 652 constantia
1229 586 1322 652 dece·

99 696 159 764 ant,
193 699 287 767 atquc
319 693 376 757 illa
406 697 455 757 tot
482 706 593 752 secum
624 687 816 764 offendicula
848 690 968 752 vehens
994 689 1193 758 moderatio.
1246 689 1323 756 Cum
1400 761 1403 767 Ι

100 793 185 870 igitur
206 795 268 858 hac
292 796 452 859 intervos
475 790 724 870 digladiationes
748 799 781 852 et
804 792 915 858 turbae
932 797 1057 857 nostras
1073 807 1202 866 quoque
1219 792 1321 857 ecclc-

100 896 155 962 sias
175 895 290 966 mirum
319 895 352 966 in
374 896 509 966 'modurn
532 896 675 962 turbent,
706 893 906 962 conmittere
930 893 1013 955 tenid
1037 894 1215 970 potuimus,
1246 893 1322 970 quin

99 1017 148 1060 vos
171 999 302 1075 perinde
323 1006 420 1076 atque
442 998 605 1066 dominos,
637 1003 881 1073 praeceptores,
918 997 1048 1068 tratres,
1080 997 1200 1064 amicos
1230 993 1324 1061 nobis

99 1099 254 1175 exanimo
278 1101 480 1173 carissimos,
511 1098 767 1178 pertimiscant,
798 1115 855 1176 per
886 1099 992 1164 omnia
1019 1115 1126 1170 sacra,
1159 1115 1216 1175 per
1239 1115 1321 1164 coat-

98 1206 193 1271 uuuie
215 1205 308 1266 nobis
333 1204 495 1268 vobiscum
519 1203 642 1274 studia,
671 1218 729 1278 per
760 1209 900 1266 mutuam
929 1201 1154 1274 ditectionem.
1184 1219 1246 1278 qua
1269 1202 1322 1266 de

99 1306 211 1372 vinctos
235 1308 433 1379 Christianos
466 1304 657 1383 pracsertim
680 1303 924 1369 concionatores
954 1321 1028 1366 esse
1051 1305 1163 1374 decet.
1189 1320 1323 1382 rogare

98 1428 173 1482 mos,
194 1427 258 1492 quo
283 1411 439 1479 rationem
461 1407 598 1496 ineatis,
632 1424 693 1483 oua
716 1406 866 1484 gliscenti
891 1409 974 1471 malo
998 1415 1029 1467 et
1053 1407 1211 1476 crescenti
1238 1408 1321 1471 schi-

15 1517 16 1524 ’
98 1515 179 1583 ornati
202 1514 325 1577 mederi
349 1514 484 1590 queatis.
543 1511 574 1570 ln
601 1528 658 1571 vos
692 1526 802 1573 ornnes
833 1510 993 1574 ecclesiae
1024 1510 1165 1574 intentae
1194 1517 1269 1578 sunt
1291 1515 1324 1571 ct

98 1617 227 1680 omnium
248 1615 376 1694 pictam
398 1613 538 1692 coniecti
562 1612 666 1682 ostili,
690 1619 721 1674 et
746 1613 976 1677 consolationis
1000 1615 1149 1684 imbrem,
1178 1613 1211 1674 iu
1236 1620 1322 1676 tanta

97 1717 263 1789 animorum
285 1718 459 1790 uarietate,
482 1738 501 1782 a
524 1725 632 1781 uestra
653 1715 814 1784 sententia
838 1732 877 1778 ex
900 1716 1002 1781 sacris
1026 1716 1132 1782 literis
1155 1718 1324 1792 depromta

96 1819 216 1883 sitiunt:
247 1823 308 1884 hoc
330 1829 396 1890 est,
427 1820 597 1888 disertam,
627 1820 760 1888 claram,
790 1820 979 1908 dilucidant,
1010 1820 1091 1882 rrilril
1119 1819 1324 1887 dissimulan-

14 1933 15 1936 ’
94 1928 169 1994 tem,
202 1925 261 1987 sed
291 1925 396 1986 omnia
426 1920 609 1987 necessaria
641 1923 905 2010 complectentem
934 1923 975 1982 de
1004 1925 1098 1984 rebus
1126 1923 1323 2000 adiaphoris

97 2027 336 2104 explicationem
365 2046 384 2088 a
412 2026 503 2089 vobis
542 2023 740 2099 expetimus,
779 2042 873 2099 quam
903 2024 1061 2093 ecclesiae
1096 2034 1225 2090 nostrae
1255 2036 1323 2090 tuto

97 2126 250 2195 voaeenn
274 2131 437 2208 recipcre,
470 2129 578 2204 sequi,
609 2128 761 2204 amplecti
785 2136 910 2202 tpueant.
956 2129 1034 2193 Nam
1058 2128 1211 2205 quicquid
1234 2133 1325 2194 salva

95 2231 264 2308 scripturae
288 2232 461 2303 autoritate
485 2239 516 2292 et
539 2230 750 2306 corraeientiis
771 2233 889 2294 nostris
904 2231 1029 2294 illaesis
1047 2233 1194 2312 recipere
1210 2251 1323 2310 possu-
1412 2259 1416 2263 ·

95 2351 172 2405 rnrrs,
202 2337 235 2398 id
263 2355 322 2400 uos
351 2343 482 2414 propter
511 2334 670 2398 ecclesiae
700 2336 854 2408 uilitatem
884 2353 954 2396 curn
984 2337 1227 2406 contirmandam
1257 2345 1323 2402 tam

95 2440 331 2505 conservandam
355 2441 439 2504 ultro
461 2444 669 2515 suscepturos
691 2439 892 2516 patticernur.
926 2438 1038 2512 Neque
1061 2438 1146 2500 enim
1170 2438 1323 2508 iocrxlaris

96 2557 153 2602 vox
171 2549 237 2618 est:
265 2530 338 2613 Vae
360 2541 480 2606 nando
502 2561 524 2602 α
547 2540 739 2607 scemata!
760 2543 862 2614 ,iteum
891 2537 965 2604 Vae
986 2538 1127 2614 amant,
1145 2565 1212 2626 per
1228 2564 1325 2628 wan

94 2642 285 2714 scaminus
313 2645 425 2709 erait!
473 2643 594 2716 Quodsi
624 2645 705 2706 nanc
726 2661 746 2704 a
769 2642 860 2710 vobis
893 2642 1142 2720 explicationem
1172 2644 1322 2725 impetra·

95 2744 206 2818 riuus,
236 2767 349 2826 inagna
378 2750 521 2826 prolecto
552 2746 778 2814 commoditate
808 2748 978 2812 ecclesiam
1008 2748 1128 2814 Christi
1151 2749 1322 2824 adficietis,

95 2851 227 2916 omniurn
249 2854 375 2930 piorum
399 2853 521 2919 annrros
545 2851 585 2921 de
607 2869 689 2913 novo
715 2849 807 2916 uobis
836 2852 1070 2923 conciliabitis,
1102 2860 1135 2916 et
1158 2872 1234 2926 nos,
1267 2856 1325 2932 qui

95 2953 128 3012 ad
149 2956 370 3032 gubernacula
400 2953 642 3020 ecclesiasticae
677 2953 841 3019 doctrinae
873 2954 1038 3036 uobiscum
1066 2957 1236 3029 sedemus,
1274 2957 1321 3026 irr-

95 3056 176 3130 genti
199 3073 360 3130 moerore,
381 3057 514 3127 tradas
536 3063 569 3122 et
591 3058 677 3118 tuctu
701 3055 889 3120 liberabitis.
935 3057 974 3118 llt
996 3060 1082 3125 enim
1104 3058 1255 3138 ingenue.
1278 3061 1323 3126 mi

96 3155 251 3235 Philippa,
281 3161 400 3233 fatear,
435 3177 472 3220 ac
501 3175 581 3237 pace
612 3165 665 3220 tua
694 3156 814 3228 dicam,
852 3157 947 3223 nimis
978 3162 1085 3223 brevis
1123 3168 1172 3224 est
1200 3170 1255 3224 tua
1282 3163 1323 3224 ad

96 3257 342 3338 aaruturgsnses
379 3262 622 3327 concionatores
651 3260 840 3338 responsio,
877 3277 982 3336 ireque
1013 3279 1083 3328 earn
1113 3263 1322 3331 coactantiam

96 3362 228 3434 redolet,
252 3382 334 3442 quae
349 3364 383 3432 in
396 3366 530 3442 quadam
545 3365 584 3426 ad
601 3364 892 3441 llurcmberpecscs
909 3366 1021 3431 iratres
1037 3367 1186 3440 epistola,
1210 3366 1323 3436 eadam

95 3462 129 3522 dc
155 3482 189 3526 rc
219 3467 297 3534 olim
326 3467 464 3546 scripta,
494 3475 527 3528 et
557 3467 621 3542 iam
650 3483 719 3528 curn
751 3467 859 3528 Lateri
890 3467 1041 3544 epistolis
1069 3470 1192 3546 aliquot
1223 3467 1323 3540 edita.

95 3569 290 3646 corispicitur.
342 3571 439 3648 Multa
475 3569 572 3637 etiam
609 3569 663 3631 hic
691 3569 892 3640 dissimulas,
929 3587 1011 3646 quae
1041 3571 1145 3642 modis
1175 3571 1322 3640 omnibus

96 3669 249 3746 explicata
280 3675 430 3750 oportuit.
485 3675 541 3736 Sin
573 3690 648 3736 vero
679 3675 784 3735 tacere
816 3675 876 3736 troc
906 3674 1148 3752 dedignaberis,
1180 3673 1213 3736 id
1237 3678 1324 3751 quod

39 3849 44 3862 ὓ
96 3771 396 3847 Giristnsovertat,
420 3777 538 3840 iamet
563 3774 722 3844 ecclesiae
747 3782 873 3841 nostrae
898 3776 1176 3853 prericlitabuutur,
1212 3784 1245 3841 et
1268 3785 1324 3848 aaa

95 3880 269 3955 aestimatio
300 3884 332 3972 in
361 3899 515 3951 summurn
544 3879 715 3942 discrimen
746 3881 929 3945 deducetur.
987 3882 1061 3950 Non
1091 3901 1161 3948 cum
1182 3881 1246 3947 ista
1268 3890 1322 3947 tua

95 3978 129 4038 td
151 3981 405 4062 bamburgenses
429 3985 543 4049 iratres
565 3983 734 4060 responsio
758 4000 862 4058 ireque
886 3983 969 4061 ipsis
986 3999 1090 4060 ireque
1108 3985 1200 4050 nobis
1216 4001 1323 4062 nequa

95 4082 161 4147 aliis
191 4087 330 4162 cordatis
359 4087 438 4160 viris
471 4088 665 4156 satistaciat,
695 4093 748 4150 aut
779 4087 998 4164 explicatione
1034 4085 1208 4175 dexteriori
1241 4107 1321 4168 opas

96 4185 168 4258 erit.
191 4198 245 4254 ant
268 4190 384 4258 aulicis
408 4189 575 4262 (lernam-is
598 4190 672 4255 dota
696 4189 816 4266 ubique
839 4192 968 4260 occasio
992 4198 1057 4260 est,
1088 4189 1145 4266 qui
1170 4197 1321 4262 emanue

96 4289 178 4359 pacis
201 4291 308 4359 studio
333 4294 461 4369 quiduis
483 4291 702 4369 recipiendum
726 4301 854 4372 putant,
879 4301 912 4356 ut
935 4312 1010 4364 uos,
1034 4294 1206 4364 stratores
1228 4293 1322 4367 ritus,

97 4392 146 4465 qut
167 4395 348 4472 prorniscue
373 4404 404 4458 et
428 4394 707 4463 indiscriminatim
741 4397 823 4474 ipsis
855 4415 912 4473 pro
937 4395 1132 4472 adiaphoris
1156 4398 1322 4472 habentur,

97 4513 150 4558 uon
174 4498 382 4576 recipiamus,
406 4506 438 4559 et
461 4499 634 4565 autoritate
657 4508 763 4565 vestra
788 4507 938 4576 premant,
962 4508 995 4562 et
1018 4499 1048 4560 in
1067 4499 1200 4566 exilium
1216 4509 1324 4580 spart,

97 4613 133 4663 ae
149 4601 268 4676 dican:
292 4603 451 4669 trucident
474 4619 511 4668 ac
533 4609 678 4672 mactant.
716 4602 824 4686 Neque
845 4604 929 4674 einim
943 4601 1226 4685 iimnburgensiurn
1250 4621 1320 4675 sep-
