<?xml version="1.0" encoding="UTF-8"?>
<!DOCTYPE html PUBLIC "-//W3C//DTD XHTML 1.0 Transitional//EN"
    "http://www.w3.org/TR/xhtml1/DTD/xhtml1-transitional.dtd">
<html xmlns="http://www.w3.org/1999/xhtml" xml:lang="en" lang="en">
 <head>
  <title>
</title>
<meta http-equiv="Content-Type" content="text/html;charset=utf-8" />
  <meta name='ocr-system' content='tesseract 3.04.00' />
  <meta name='ocr-capabilities' content='ocr_page ocr_carea ocr_par ocr_line ocrx_word'/>
</head>
<body>
  <div class='ocr_page' id='page_1' title='image "./philippimelanch01melagoog_0082.png"; bbox 0 0 3120 5206; ppageno 0'>
   <div class='ocr_carea' id='block_1_1' title="bbox 491 269 1332 342">
    <p class='ocr_par' dir='ltr' id='par_1_1' title="bbox 491 269 1332 342">
     <span class='ocr_line' id='line_1_1' title="bbox 491 269 1332 342; baseline 0.007 -6"><span class='ocrx_word' id='word_1_1' title='bbox 491 285 735 338; x_wconf 77' lang='lat' dir='ltr'><strong>surrentinum</strong></span> <span class='ocrx_word' id='word_1_2' title='bbox 762 287 843 338; x_wconf 78' lang='lat' dir='ltr'><strong>snm</strong></span> <span class='ocrx_word' id='word_1_3' title='bbox 865 287 939 341; x_wconf 84' lang='lat' dir='ltr'><strong>reae.</strong></span> <span class='ocrx_word' id='word_1_4' title='bbox 1289 269 1332 342; x_wconf 77' lang='lat' dir='ltr'><strong>tt</strong></span> 
     </span>
    </p>
   </div>
   <div class='ocr_carea' id='block_1_2' title="bbox 109 439 1332 1032">
    <p class='ocr_par' dir='ltr' id='par_1_2' title="bbox 109 439 1332 1032">
     <span class='ocr_line' id='line_1_2' title="bbox 184 439 1331 518; baseline 0.002 -18"><span class='ocrx_word' id='word_1_5' title='bbox 184 441 243 501; x_wconf 92' lang='lat' dir='ltr'><strong>Sed</strong></span> <span class='ocrx_word' id='word_1_6' title='bbox 273 441 350 515; x_wconf 85' lang='lat' dir='ltr'><strong>quia</strong></span> <span class='ocrx_word' id='word_1_7' title='bbox 373 439 589 502; x_wconf 83' lang='lat' dir='ltr'><strong>animadverto</strong></span> <span class='ocrx_word' id='word_1_8' title='bbox 619 458 669 502; x_wconf 93' lang='lat' dir='ltr'><strong>me</strong></span> <span class='ocrx_word' id='word_1_9' title='bbox 694 440 774 517; x_wconf 87' lang='lat' dir='ltr'><strong>apud</strong></span> <span class='ocrx_word' id='word_1_10' title='bbox 800 442 830 499; x_wconf 87' lang='lat' dir='ltr'>C.</span> <span class='ocrx_word' id='word_1_11' title='bbox 855 441 893 499; x_wconf 89' lang='lat' dir='ltr'><strong>M.</strong></span> <span class='ocrx_word' id='word_1_12' title='bbox 916 441 951 498; x_wconf 89' lang='lat' dir='ltr'><strong>V.</strong></span> <span class='ocrx_word' id='word_1_13' title='bbox 978 442 1125 518; x_wconf 89' lang='lat' dir='ltr'><strong>impediri</strong></span> <span class='ocrx_word' id='word_1_14' title='bbox 1155 461 1174 503; x_wconf 87' lang='lat' dir='ltr'><strong>a</strong></span> <span class='ocrx_word' id='word_1_15' title='bbox 1204 442 1331 518; x_wconf 89' lang='lat' dir='ltr'><strong>quibus-</strong></span> 
     </span>
     <span class='ocr_line' id='line_1_3' title="bbox 111 542 1331 620; baseline 0.001 -16"><span class='ocrx_word' id='word_1_16' title='bbox 111 545 171 606; x_wconf 86' lang='lat' dir='ltr'><strong>dam</strong></span> <span class='ocrx_word' id='word_1_17' title='bbox 193 561 299 620; x_wconf 87' lang='lat' dir='ltr'><strong>parum</strong></span> <span class='ocrx_word' id='word_1_18' title='bbox 323 542 452 611; x_wconf 90' lang='lat' dir='ltr'><strong>amicis,</strong></span> <span class='ocrx_word' id='word_1_19' title='bbox 482 542 522 602; x_wconf 89' lang='lat' dir='ltr'><strong>de</strong></span> <span class='ocrx_word' id='word_1_20' title='bbox 547 543 661 618; x_wconf 88' lang='lat' dir='ltr'><strong>quihus</strong></span> <span class='ocrx_word' id='word_1_21' title='bbox 690 543 769 604; x_wconf 92' lang='lat' dir='ltr'><strong>deus</strong></span> <span class='ocrx_word' id='word_1_22' title='bbox 799 542 859 602; x_wconf 90' lang='lat' dir='ltr'><strong>scit</strong></span> <span class='ocrx_word' id='word_1_23' title='bbox 880 557 931 602; x_wconf 92' lang='lat' dir='ltr'><strong>me</strong></span> <span class='ocrx_word' id='word_1_24' title='bbox 953 563 1016 605; x_wconf 92' lang='lat' dir='ltr'><strong>non</strong></span> <span class='ocrx_word' id='word_1_25' title='bbox 1038 560 1111 605; x_wconf 88' lang='lat' dir='ltr'><strong>esse</strong></span> <span class='ocrx_word' id='word_1_26' title='bbox 1133 546 1216 606; x_wconf 89' lang='lat' dir='ltr'><strong>male</strong></span> <span class='ocrx_word' id='word_1_27' title='bbox 1238 545 1331 606; x_wconf 89' lang='lat' dir='ltr'><strong>meri-</strong></span> 
     </span>
     <span class='ocr_line' id='line_1_4' title="bbox 110 644 1332 717; baseline 0.003 -13"><span class='ocrx_word' id='word_1_28' title='bbox 110 653 174 717; x_wconf 89' lang='lat' dir='ltr'><strong>tum,</strong></span> <span class='ocrx_word' id='word_1_29' title='bbox 196 645 269 706; x_wconf 90' lang='lat' dir='ltr'><strong>ideo</strong></span> <span class='ocrx_word' id='word_1_30' title='bbox 284 645 362 706; x_wconf 83' lang='lat' dir='ltr'><strong>duni</strong></span> <span class='ocrx_word' id='word_1_31' title='bbox 375 644 454 706; x_wconf 88' lang='lat' dir='ltr'><strong>milri</strong></span> <span class='ocrx_word' id='word_1_32' title='bbox 469 644 562 704; x_wconf 85' lang='lat' dir='ltr'><strong>valde</strong></span> <span class='ocrx_word' id='word_1_33' title='bbox 578 646 790 706; x_wconf 87' lang='lat' dir='ltr'><strong>necessariam</strong></span> <span class='ocrx_word' id='word_1_34' title='bbox 805 660 879 705; x_wconf 88' lang='lat' dir='ltr'><strong>esse</strong></span> <span class='ocrx_word' id='word_1_35' title='bbox 894 646 975 706; x_wconf 89' lang='lat' dir='ltr'><strong>hauc</strong></span> <span class='ocrx_word' id='word_1_36' title='bbox 990 649 1332 716; x_wconf 76' lang='lat' dir='ltr'><strong>commemorationem,</strong></span> 
     </span>
     <span class='ocr_line' id='line_1_5' title="bbox 110 747 1332 823; baseline 0.002 -15"><span class='ocrx_word' id='word_1_37' title='bbox 110 748 254 823; x_wconf 87' lang='lat' dir='ltr'><strong>quomodo</strong></span> <span class='ocrx_word' id='word_1_38' title='bbox 279 749 310 806; x_wconf 83' lang='lat' dir='ltr'>G.</span> <span class='ocrx_word' id='word_1_39' title='bbox 335 748 373 808; x_wconf 91' lang='lat' dir='ltr'>M.</span> <span class='ocrx_word' id='word_1_40' title='bbox 395 747 431 806; x_wconf 93' lang='lat' dir='ltr'><strong>V.</strong></span> <span class='ocrx_word' id='word_1_41' title='bbox 455 747 572 808; x_wconf 88' lang='lat' dir='ltr'><strong>dictum</strong></span> <span class='ocrx_word' id='word_1_42' title='bbox 595 747 820 816; x_wconf 85' lang='lat' dir='ltr'><strong>Electoratum,</strong></span> <span class='ocrx_word' id='word_1_43' title='bbox 843 747 873 807; x_wconf 90' lang='lat' dir='ltr'><strong>si</strong></span> <span class='ocrx_word' id='word_1_44' title='bbox 895 748 993 809; x_wconf 82' lang='lat' dir='ltr'><strong>freter</strong></span> <span class='ocrx_word' id='word_1_45' title='bbox 1017 766 1105 810; x_wconf 92' lang='lat' dir='ltr'><strong>meus</strong></span> <span class='ocrx_word' id='word_1_46' title='bbox 1126 748 1332 818; x_wconf 72' lang='lat' dir='ltr'><strong>decessisset,</strong></span> 
     </span>
     <span class='ocr_line' id='line_1_6' title="bbox 110 849 1331 929; baseline 0.003 -21"><span class='ocrx_word' id='word_1_47' title='bbox 110 851 292 910; x_wconf 82' lang='lat' dir='ltr'><strong>concesserit</strong></span> <span class='ocrx_word' id='word_1_48' title='bbox 316 851 395 910; x_wconf 90' lang='lat' dir='ltr'><strong>milri</strong></span> <span class='ocrx_word' id='word_1_49' title='bbox 419 851 450 910; x_wconf 92' lang='lat' dir='ltr'><strong>in</strong></span> <span class='ocrx_word' id='word_1_50' title='bbox 475 849 601 910; x_wconf 85' lang='lat' dir='ltr'><strong>lendum</strong></span> <span class='ocrx_word' id='word_1_51' title='bbox 625 851 709 910; x_wconf 87' lang='lat' dir='ltr'><strong>datis</strong></span> <span class='ocrx_word' id='word_1_52' title='bbox 732 851 836 910; x_wconf 91' lang='lat' dir='ltr'><strong>literis</strong></span> <span class='ocrx_word' id='word_1_53' title='bbox 859 851 965 922; x_wconf 81' lang='lat' dir='ltr'><strong>teudi,</strong></span> <span class='ocrx_word' id='word_1_54' title='bbox 988 852 1106 912; x_wconf 87' lang='lat' dir='ltr'><strong>deinde</strong></span> <span class='ocrx_word' id='word_1_55' title='bbox 1129 868 1223 929; x_wconf 86' lang='lat' dir='ltr'><strong>supra</strong></span> <span class='ocrx_word' id='word_1_56' title='bbox 1246 852 1331 912; x_wconf 89' lang='lat' dir='ltr'><strong>illem</strong></span> 
     </span>
     <span class='ocr_line' id='line_1_7' title="bbox 109 952 1332 1032; baseline 0.005 -22"><span class='ocrx_word' id='word_1_57' title='bbox 109 952 298 1014; x_wconf 89' lang='lat' dir='ltr'><strong>collationem</strong></span> <span class='ocrx_word' id='word_1_58' title='bbox 331 952 527 1014; x_wconf 79' lang='lat' dir='ltr'><strong>concesserit</strong></span> <span class='ocrx_word' id='word_1_59' title='bbox 558 952 711 1013; x_wconf 89' lang='lat' dir='ltr'><strong>lndultum</strong></span> <span class='ocrx_word' id='word_1_60' title='bbox 742 957 816 1028; x_wconf 87' lang='lat' dir='ltr'><strong>post</strong></span> <span class='ocrx_word' id='word_1_61' title='bbox 845 960 977 1014; x_wconf 88' lang='lat' dir='ltr'><strong>mortem</strong></span> <span class='ocrx_word' id='word_1_62' title='bbox 1006 955 1111 1016; x_wconf 87' lang='lat' dir='ltr'><strong>lratris</strong></span> <span class='ocrx_word' id='word_1_63' title='bbox 1143 973 1200 1032; x_wconf 91' lang='lat' dir='ltr'><strong>per</strong></span> <span class='ocrx_word' id='word_1_64' title='bbox 1222 957 1332 1016; x_wconf 88' lang='lat' dir='ltr'><strong>literas</strong></span> 
     </span>
    </p>
   </div>
   <div class='ocr_carea' id='block_1_3' title="bbox 26 1053 1333 1130">
    <p class='ocr_par' dir='ltr' id='par_1_3' title="bbox 26 1053 1333 1130">
     <span class='ocr_line' id='line_1_8' title="bbox 26 1053 1333 1130; baseline -0.001 -12"><span class='ocrx_word' id='word_1_65' title='bbox 26 1063 27 1118; x_wconf 56' lang='grc' dir='ltr'><strong>ζ</strong></span> <span class='ocrx_word' id='word_1_66' title='bbox 109 1053 288 1130; x_wconf 79' lang='lat' dir='ltr'><strong>obsignatas.</strong></span> <span class='ocrx_word' id='word_1_67' title='bbox 342 1053 503 1114; x_wconf 87' lang='lat' dir='ltr'><strong>Postremo</strong></span> <span class='ocrx_word' id='word_1_68' title='bbox 534 1070 635 1129; x_wconf 80' lang='lat' dir='ltr'><strong>nuper</strong></span> <span class='ocrx_word' id='word_1_69' title='bbox 664 1053 695 1114; x_wconf 89' lang='lat' dir='ltr'><strong>in</strong></span> <span class='ocrx_word' id='word_1_70' title='bbox 724 1055 856 1115; x_wconf 81' lang='lat' dir='ltr'><strong>Insbrnlr</strong></span> <span class='ocrx_word' id='word_1_71' title='bbox 887 1056 1087 1116; x_wconf 84' lang='lat' dir='ltr'><strong>consenserit</strong></span> <span class='ocrx_word' id='word_1_72' title='bbox 1118 1057 1261 1126; x_wconf 90' lang='lat' dir='ltr'><strong>tandem,</strong></span> <span class='ocrx_word' id='word_1_73' title='bbox 1297 1071 1333 1116; x_wconf 89' lang='lat' dir='ltr'><strong>se</strong></span> 
     </span>
    </p>
   </div>
   <div class='ocr_carea' id='block_1_4' title="bbox 26 1154 1351 2157">
    <p class='ocr_par' dir='ltr' id='par_1_4' title="bbox 108 1154 717 1217">
     <span class='ocr_line' id='line_1_9' title="bbox 108 1154 717 1217; baseline 0.007 -4"><span class='ocrx_word' id='word_1_74' title='bbox 108 1155 177 1214; x_wconf 88' lang='lat' dir='ltr'><strong>milri</strong></span> <span class='ocrx_word' id='word_1_75' title='bbox 197 1155 250 1214; x_wconf 85' lang='lat' dir='ltr'><strong>hic</strong></span> <span class='ocrx_word' id='word_1_76' title='bbox 273 1155 459 1216; x_wconf 89' lang='lat' dir='ltr'><strong>collaturum</strong></span> <span class='ocrx_word' id='word_1_77' title='bbox 483 1170 556 1214; x_wconf 89' lang='lat' dir='ltr'><strong>esse</strong></span> <span class='ocrx_word' id='word_1_78' title='bbox 579 1154 717 1217; x_wconf 85' lang='lat' dir='ltr'><strong>leudam.</strong></span> 
     </span>
    </p>

    <p class='ocr_par' dir='ltr' id='par_1_5' title="bbox 26 1256 1351 1854">
     <span class='ocr_line' id='line_1_10' title="bbox 181 1256 1332 1334; baseline 0.004 -16"><span class='ocrx_word' id='word_1_79' title='bbox 181 1256 283 1328; x_wconf 82' lang='lat' dir='ltr'><strong>Quare</strong></span> <span class='ocrx_word' id='word_1_80' title='bbox 306 1259 420 1318; x_wconf 75' lang='lat' dir='ltr'><strong>iterium</strong></span> <span class='ocrx_word' id='word_1_81' title='bbox 444 1274 512 1318; x_wconf 91' lang='lat' dir='ltr'><strong>cum</strong></span> <span class='ocrx_word' id='word_1_82' title='bbox 537 1258 718 1318; x_wconf 79' lang='lat' dir='ltr'><strong>reverentie</strong></span> <span class='ocrx_word' id='word_1_83' title='bbox 742 1264 773 1317; x_wconf 91' lang='lat' dir='ltr'><strong>ct</strong></span> <span class='ocrx_word' id='word_1_84' title='bbox 798 1259 998 1328; x_wconf 88' lang='lat' dir='ltr'><strong>obedientia,</strong></span> <span class='ocrx_word' id='word_1_85' title='bbox 1033 1267 1181 1334; x_wconf 80' lang='lat' dir='ltr'><strong>quantum</strong></span> <span class='ocrx_word' id='word_1_86' title='bbox 1206 1261 1332 1323; x_wconf 87' lang='lat' dir='ltr'><strong>omnino</strong></span> 
     </span>
     <span class='ocr_line' id='line_1_11' title="bbox 109 1359 1332 1437; baseline 0.005 -19"><span class='ocrx_word' id='word_1_87' title='bbox 109 1359 217 1430; x_wconf 84' lang='lat' dir='ltr'><strong>debeo,</strong></span> <span class='ocrx_word' id='word_1_88' title='bbox 242 1367 274 1420; x_wconf 90' lang='lat' dir='ltr'><strong>et</strong></span> <span class='ocrx_word' id='word_1_89' title='bbox 297 1367 462 1436; x_wconf 84' lang='lat' dir='ltr'><strong>praestare</strong></span> <span class='ocrx_word' id='word_1_90' title='bbox 484 1375 632 1433; x_wconf 89' lang='lat' dir='ltr'><strong>possum,</strong></span> <span class='ocrx_word' id='word_1_91' title='bbox 656 1368 809 1437; x_wconf 80' lang='lat' dir='ltr'><strong>1·ogo,ut</strong></span> <span class='ocrx_word' id='word_1_92' title='bbox 833 1362 864 1420; x_wconf 81' lang='lat' dir='ltr'>C.</span> <span class='ocrx_word' id='word_1_93' title='bbox 881 1361 918 1420; x_wconf 90' lang='lat' dir='ltr'><strong>M.</strong></span> <span class='ocrx_word' id='word_1_94' title='bbox 934 1361 969 1420; x_wconf 90' lang='lat' dir='ltr'><strong>V.</strong></span> <span class='ocrx_word' id='word_1_95' title='bbox 995 1362 1167 1422; x_wconf 89' lang='lat' dir='ltr'><strong>clementer</strong></span> <span class='ocrx_word' id='word_1_96' title='bbox 1191 1364 1332 1424; x_wconf 84' lang='lat' dir='ltr'><strong>conterat</strong></span> 
     </span>
     <span class='ocr_line' id='line_1_12' title="bbox 26 1449 1333 1539; baseline 0.005 -19"><span class='ocrx_word' id='word_1_97' title='bbox 26 1449 28 1472; x_wconf 73' lang='lat'>³</span> <span class='ocrx_word' id='word_1_98' title='bbox 109 1461 135 1521; x_wconf 92' lang='lat' dir='ltr'><strong>in</strong></span> <span class='ocrx_word' id='word_1_99' title='bbox 155 1463 277 1523; x_wconf 86' lang='lat' dir='ltr'><strong>feudum</strong></span> <span class='ocrx_word' id='word_1_100' title='bbox 306 1462 425 1524; x_wconf 79' lang='lat' dir='ltr'><strong>dicium</strong></span> <span class='ocrx_word' id='word_1_101' title='bbox 448 1463 661 1524; x_wconf 84' lang='lat' dir='ltr'><strong>Electoratum</strong></span> <span class='ocrx_word' id='word_1_102' title='bbox 693 1469 725 1522; x_wconf 87' lang='lat' dir='ltr'><strong>et</strong></span> <span class='ocrx_word' id='word_1_103' title='bbox 748 1463 881 1539; x_wconf 78' lang='lat' dir='ltr'><strong>Regalis</strong></span> <span class='ocrx_word' id='word_1_104' title='bbox 902 1465 1041 1524; x_wconf 89' lang='lat' dir='ltr'><strong>Ducatus</strong></span> <span class='ocrx_word' id='word_1_105' title='bbox 1065 1463 1224 1526; x_wconf 83' lang='lat' dir='ltr'><strong>Senoniae</strong></span> <span class='ocrx_word' id='word_1_106' title='bbox 1254 1467 1333 1526; x_wconf 91' lang='lat' dir='ltr'><strong>mihi</strong></span> 
     </span>
     <span class='ocr_line' id='line_1_13' title="bbox 26 1564 1334 1648; baseline 0.005 -26"><span class='ocrx_word' id='word_1_107' title='bbox 26 1645 27 1648; x_wconf 8' lang='grc' dir='ltr'><strong>Ἴ</strong></span> <span class='ocrx_word' id='word_1_108' title='bbox 110 1571 135 1624; x_wconf 88' lang='lat' dir='ltr'><strong>et</strong></span> <span class='ocrx_word' id='word_1_109' title='bbox 156 1565 232 1626; x_wconf 91' lang='lat' dir='ltr'><strong>meis</strong></span> <span class='ocrx_word' id='word_1_110' title='bbox 255 1564 447 1635; x_wconf 82' lang='lat' dir='ltr'><strong>heredibus,</strong></span> <span class='ocrx_word' id='word_1_111' title='bbox 472 1571 503 1624; x_wconf 86' lang='lat' dir='ltr'><strong>et.</strong></span> <span class='ocrx_word' id='word_1_112' title='bbox 525 1564 650 1642; x_wconf 82' lang='lat' dir='ltr'><strong>agnatis</strong></span> <span class='ocrx_word' id='word_1_113' title='bbox 673 1566 827 1625; x_wconf 81' lang='lat' dir='ltr'><strong>hactenus</strong></span> <span class='ocrx_word' id='word_1_114' title='bbox 845 1565 937 1624; x_wconf 88' lang='lat' dir='ltr'><strong>simul</strong></span> <span class='ocrx_word' id='word_1_115' title='bbox 953 1566 1133 1637; x_wconf 69' lang='lat' dir='ltr'><strong>investitis,</strong></span> <span class='ocrx_word' id='word_1_116' title='bbox 1157 1568 1246 1629; x_wconf 81' lang='lat' dir='ltr'><strong>iuxta</strong></span> <span class='ocrx_word' id='word_1_117' title='bbox 1261 1565 1334 1630; x_wconf 82' lang='lat' dir='ltr'><strong>illas</strong></span> 
     </span>
     <span class='ocr_line' id='line_1_14' title="bbox 110 1667 1351 1751; baseline 0.003 -22.746"><span class='ocrx_word' id='word_1_118' title='bbox 110 1667 225 1728; x_wconf 85' lang='lat' dir='ltr'><strong>minime</strong></span> <span class='ocrx_word' id='word_1_119' title='bbox 248 1669 413 1745; x_wconf 80' lang='lat' dir='ltr'><strong>ambiguas</strong></span> <span class='ocrx_word' id='word_1_120' title='bbox 436 1684 495 1728; x_wconf 90' lang='lat' dir='ltr'><strong>nec</strong></span> <span class='ocrx_word' id='word_1_121' title='bbox 517 1667 729 1743; x_wconf 87' lang='lat' dir='ltr'><strong>disputabiles</strong></span> <span class='ocrx_word' id='word_1_122' title='bbox 753 1669 894 1751; x_wconf 68' lang='lat' dir='ltr'><strong>literas,</strong></span> <span class='ocrx_word' id='word_1_123' title='bbox 909 1675 940 1728; x_wconf 92' lang='lat' dir='ltr'><strong>et</strong></span> <span class='ocrx_word' id='word_1_124' title='bbox 964 1669 1048 1731; x_wconf 86' lang='lat' dir='ltr'><strong>clare</strong></span> <span class='ocrx_word' id='word_1_125' title='bbox 1064 1671 1231 1746; x_wconf 89' lang='lat' dir='ltr'><strong>promisse,</strong></span> <span class='ocrx_word' id='word_1_126' title='bbox 1257 1687 1351 1751; x_wconf 83' lang='lat' dir='ltr'><strong>quo·¹</strong></span> 
     </span>
     <span class='ocr_line' id='line_1_15' title="bbox 26 1772 472 1854; baseline 0 -25"><span class='ocrx_word' id='word_1_127' title='bbox 26 1841 27 1854; x_wconf 10' lang='grc' dir='ltr'>χ</span> <span class='ocrx_word' id='word_1_128' title='bbox 109 1788 166 1830; x_wconf 91' lang='lat' dir='ltr'><strong>rum</strong></span> <span class='ocrx_word' id='word_1_129' title='bbox 185 1772 247 1834; x_wconf 88' lang='lat' dir='ltr'><strong>leci</strong></span> <span class='ocrx_word' id='word_1_130' title='bbox 269 1773 472 1832; x_wconf 91' lang='lat' dir='ltr'><strong>mentionem.</strong></span> 
     </span>
    </p>

    <p class='ocr_par' dir='ltr' id='par_1_6' title="bbox 26 1855 1333 2157">
     <span class='ocr_line' id='line_1_16' title="bbox 26 1855 1333 1951; baseline 0.003 -17"><span class='ocrx_word' id='word_1_131' title='bbox 26 1855 28 1880; x_wconf 24' lang='lat' dir='ltr'>R</span> <span class='ocrx_word' id='word_1_132' title='bbox 180 1873 216 1934; x_wconf 85' lang='lat' dir='ltr'><strong>lit</strong></span> <span class='ocrx_word' id='word_1_133' title='bbox 246 1891 316 1935; x_wconf 90' lang='lat' dir='ltr'><strong>cum</strong></span> <span class='ocrx_word' id='word_1_134' title='bbox 347 1875 455 1934; x_wconf 86' lang='lat' dir='ltr'><strong>cariss.</strong></span> <span class='ocrx_word' id='word_1_135' title='bbox 479 1875 576 1934; x_wconf 84' lang='lat' dir='ltr'><strong>trater</strong></span> <span class='ocrx_word' id='word_1_136' title='bbox 605 1889 695 1934; x_wconf 89' lang='lat' dir='ltr'><strong>meus</strong></span> <span class='ocrx_word' id='word_1_137' title='bbox 726 1889 784 1948; x_wconf 91' lang='lat' dir='ltr'><strong>per</strong></span> <span class='ocrx_word' id='word_1_138' title='bbox 814 1875 893 1934; x_wconf 86' lang='lat' dir='ltr'><strong>hanc</strong></span> <span class='ocrx_word' id='word_1_139' title='bbox 925 1859 1114 1951; x_wconf 75' lang='lat' dir='ltr'><strong>dignitatem</strong></span> <span class='ocrx_word' id='word_1_140' title='bbox 1135 1875 1333 1938; x_wconf 82' lang='lat' dir='ltr'><strong>Electoretus</strong></span> 
     </span>
     <span class='ocr_line' id='line_1_17' title="bbox 26 1974 1333 2056; baseline 0.006 -24"><span class='ocrx_word' id='word_1_141' title='bbox 26 2017 28 2052; x_wconf 70' lang='lat' dir='ltr'><strong>r</strong></span> <span class='ocrx_word' id='word_1_142' title='bbox 110 1974 135 2034; x_wconf 91' lang='lat' dir='ltr'><strong>iu</strong></span> <span class='ocrx_word' id='word_1_143' title='bbox 156 1975 329 2047; x_wconf 83' lang='lat' dir='ltr'><strong>illectione,</strong></span> <span class='ocrx_word' id='word_1_144' title='bbox 354 1976 438 2052; x_wconf 86' lang='lat' dir='ltr'><strong>quod</strong></span> <span class='ocrx_word' id='word_1_145' title='bbox 461 1977 538 2038; x_wconf 83' lang='lat' dir='ltr'><strong>citra</strong></span> <span class='ocrx_word' id='word_1_146' title='bbox 561 1977 741 2038; x_wconf 87' lang='lat' dir='ltr'><strong>iactantiam</strong></span> <span class='ocrx_word' id='word_1_147' title='bbox 764 1976 881 2036; x_wconf 89' lang='lat' dir='ltr'><strong>dictum</strong></span> <span class='ocrx_word' id='word_1_148' title='bbox 905 1977 991 2047; x_wconf 91' lang='lat' dir='ltr'><strong>volo,</strong></span> <span class='ocrx_word' id='word_1_149' title='bbox 1014 1995 1077 2038; x_wconf 88' lang='lat' dir='ltr'><strong>non</strong></span> <span class='ocrx_word' id='word_1_150' title='bbox 1101 1979 1185 2040; x_wconf 91' lang='lat' dir='ltr'><strong>inter</strong></span> <span class='ocrx_word' id='word_1_151' title='bbox 1210 1986 1333 2056; x_wconf 90' lang='lat' dir='ltr'><strong>postre-</strong></span> 
     </span>
     <span class='ocr_line' id='line_1_18' title="bbox 26 2053 1333 2157; baseline 0.005 -21"><span class='ocrx_word' id='word_1_152' title='bbox 26 2053 27 2104; x_wconf 88' lang='lat' dir='ltr'><strong>l</strong></span> <span class='ocrx_word' id='word_1_153' title='bbox 109 2093 169 2138; x_wconf 75' lang='lat' dir='ltr'><strong>snos</strong></span> <span class='ocrx_word' id='word_1_154' title='bbox 188 2080 302 2140; x_wconf 85' lang='lat' dir='ltr'><strong>faverit</strong></span> <span class='ocrx_word' id='word_1_155' title='bbox 327 2082 357 2139; x_wconf 82' lang='lat' dir='ltr'>C.</span> <span class='ocrx_word' id='word_1_156' title='bbox 381 2079 418 2138; x_wconf 93' lang='lat' dir='ltr'>M.</span> <span class='ocrx_word' id='word_1_157' title='bbox 443 2081 577 2140; x_wconf 81' lang='lat' dir='ltr'><strong>Vestrae</strong></span> <span class='ocrx_word' id='word_1_158' title='bbox 600 2079 824 2155; x_wconf 82' lang='lat' dir='ltr'><strong>provehendae</strong></span> <span class='ocrx_word' id='word_1_159' title='bbox 849 2078 888 2138; x_wconf 90' lang='lat' dir='ltr'><strong>ad</strong></span> <span class='ocrx_word' id='word_1_160' title='bbox 910 2078 988 2138; x_wconf 87' lang='lat' dir='ltr'><strong>illud</strong></span> <span class='ocrx_word' id='word_1_161' title='bbox 1011 2079 1174 2157; x_wconf 87' lang='lat' dir='ltr'><strong>lastigium</strong></span> <span class='ocrx_word' id='word_1_162' title='bbox 1195 2081 1333 2156; x_wconf 88' lang='lat' dir='ltr'><strong>imperii,</strong></span> 
     </span>
    </p>
   </div>
   <div class='ocr_carea' id='block_1_5' title="bbox 26 2181 1332 2258">
    <p class='ocr_par' dir='ltr' id='par_1_7' title="bbox 26 2181 1332 2258">
     <span class='ocr_line' id='line_1_19' title="bbox 26 2181 1332 2258; baseline 0.005 -20"><span class='ocrx_word' id='word_1_163' title='bbox 26 2225 28 2238; x_wconf 73' lang='lat'>.</span> <span class='ocrx_word' id='word_1_164' title='bbox 73 2191 79 2205; x_wconf 92' lang='grc'>·</span> <span class='ocrx_word' id='word_1_165' title='bbox 109 2198 161 2240; x_wconf 90' lang='lat' dir='ltr'><strong>non</strong></span> <span class='ocrx_word' id='word_1_166' title='bbox 182 2183 319 2258; x_wconf 88' lang='lat' dir='ltr'><strong>patiatur</strong></span> <span class='ocrx_word' id='word_1_167' title='bbox 335 2184 365 2242; x_wconf 82' lang='lat' dir='ltr'>C.</span> <span class='ocrx_word' id='word_1_168' title='bbox 382 2183 418 2242; x_wconf 88' lang='grc' dir='ltr'><strong>Μ.</strong></span> <span class='ocrx_word' id='word_1_169' title='bbox 434 2182 469 2240; x_wconf 91' lang='lat' dir='ltr'><strong>V.</strong></span> <span class='ocrx_word' id='word_1_170' title='bbox 493 2198 595 2242; x_wconf 91' lang='lat' dir='ltr'><strong>meam</strong></span> <span class='ocrx_word' id='word_1_171' title='bbox 619 2198 744 2242; x_wconf 79' lang='lat' dir='ltr'><strong>carneam</strong></span> <span class='ocrx_word' id='word_1_172' title='bbox 769 2181 918 2256; x_wconf 90' lang='lat' dir='ltr'><strong>impediri</strong></span> <span class='ocrx_word' id='word_1_173' title='bbox 943 2197 1000 2256; x_wconf 92' lang='lat' dir='ltr'><strong>per</strong></span> <span class='ocrx_word' id='word_1_174' title='bbox 1016 2182 1217 2244; x_wconf 88' lang='lat' dir='ltr'><strong>adversarios</strong></span> <span class='ocrx_word' id='word_1_175' title='bbox 1233 2199 1332 2253; x_wconf 89' lang='lat' dir='ltr'><strong>meos,</strong></span> 
     </span>
    </p>
   </div>
   <div class='ocr_carea' id='block_1_6' title="bbox 26 2283 1334 3076">
    <p class='ocr_par' dir='ltr' id='par_1_8' title="bbox 26 2283 1334 2564">
     <span class='ocr_line' id='line_1_20' title="bbox 26 2283 1333 2369; baseline 0.005 -30"><span class='ocrx_word' id='word_1_176' title='bbox 26 2305 27 2308; x_wconf 39' lang='lat'>¹</span> <span class='ocrx_word' id='word_1_177' title='bbox 109 2299 142 2340; x_wconf 88' lang='lat' dir='ltr'><strong>nc</strong></span> <span class='ocrx_word' id='word_1_178' title='bbox 164 2285 356 2360; x_wconf 89' lang='lat' dir='ltr'><strong>voluptatem</strong></span> <span class='ocrx_word' id='word_1_179' title='bbox 381 2284 454 2344; x_wconf 90' lang='lat' dir='ltr'><strong>inde</strong></span> <span class='ocrx_word' id='word_1_180' title='bbox 478 2285 605 2360; x_wconf 83' lang='lat' dir='ltr'><strong>capiant</strong></span> <span class='ocrx_word' id='word_1_181' title='bbox 628 2283 819 2351; x_wconf 84' lang='lat' dir='ltr'><strong>adversarii,</strong></span> <span class='ocrx_word' id='word_1_182' title='bbox 844 2283 872 2343; x_wconf 92' lang='lat' dir='ltr'><strong>si</strong></span> <span class='ocrx_word' id='word_1_183' title='bbox 896 2299 957 2359; x_wconf 84' lang='lat' dir='ltr'><strong>ego</strong></span> <span class='ocrx_word' id='word_1_184' title='bbox 981 2301 1062 2344; x_wconf 90' lang='lat' dir='ltr'><strong>nunc</strong></span> <span class='ocrx_word' id='word_1_185' title='bbox 1078 2285 1174 2345; x_wconf 90' lang='lat' dir='ltr'><strong>heres</strong></span> <span class='ocrx_word' id='word_1_186' title='bbox 1188 2283 1210 2369; x_wconf 86' lang='lat'><strong>¹)</strong></span> <span class='ocrx_word' id='word_1_187' title='bbox 1228 2287 1333 2348; x_wconf 84' lang='lat' dir='ltr'><strong>fratris</strong></span> 
     </span>
     <span class='ocr_line' id='line_1_21' title="bbox 26 2385 1334 2462; baseline 0.004 -19"><span class='ocrx_word' id='word_1_188' title='bbox 26 2399 28 2452; x_wconf 74' lang='lat' dir='ltr'><strong>t</strong></span> <span class='ocrx_word' id='word_1_189' title='bbox 109 2385 136 2443; x_wconf 92' lang='lat' dir='ltr'><strong>in</strong></span> <span class='ocrx_word' id='word_1_190' title='bbox 166 2387 225 2447; x_wconf 88' lang='lat' dir='ltr'><strong>lroc</strong></span> <span class='ocrx_word' id='word_1_191' title='bbox 259 2386 331 2462; x_wconf 90' lang='lat' dir='ltr'><strong>ipso</strong></span> <span class='ocrx_word' id='word_1_192' title='bbox 364 2386 545 2447; x_wconf 82' lang='lat' dir='ltr'><strong>Electoratn</strong></span> <span class='ocrx_word' id='word_1_193' title='bbox 586 2386 716 2462; x_wconf 87' lang='lat' dir='ltr'><strong>aliquid·</strong></span> <span class='ocrx_word' id='word_1_194' title='bbox 742 2386 875 2462; x_wconf 88' lang='lat' dir='ltr'><strong>periculi</strong></span> <span class='ocrx_word' id='word_1_195' title='bbox 911 2392 942 2446; x_wconf 92' lang='lat' dir='ltr'><strong>et</strong></span> <span class='ocrx_word' id='word_1_196' title='bbox 976 2387 1140 2448; x_wconf 88' lang='lat' dir='ltr'><strong>dilationis</strong></span> <span class='ocrx_word' id='word_1_197' title='bbox 1175 2389 1334 2449; x_wconf 89' lang='lat' dir='ltr'><strong>sustinere</strong></span> 
     </span>
     <span class='ocr_line' id='line_1_22' title="bbox 26 2486 895 2564; baseline 0.007 -20"><span class='ocrx_word' id='word_1_198' title='bbox 26 2513 28 2564; x_wconf 80' lang='lat' dir='ltr'><strong>l</strong></span> <span class='ocrx_word' id='word_1_199' title='bbox 108 2502 201 2564; x_wconf 80' lang='lat' dir='ltr'><strong>cogar.</strong></span> <span class='ocrx_word' id='word_1_200' title='bbox 891 2486 895 2490; x_wconf 76' lang='grc'><strong>’</strong></span> 
     </span>
    </p>

    <p class='ocr_par' dir='ltr' id='par_1_9' title="bbox 26 2571 1334 3076">
     <span class='ocr_line' id='line_1_23' title="bbox 182 2589 1333 2667; baseline 0.002 -16.761"><span class='ocrx_word' id='word_1_201' title='bbox 182 2589 270 2660; x_wconf 83' lang='lat' dir='ltr'><strong>Quod</strong></span> <span class='ocrx_word' id='word_1_202' title='bbox 294 2605 370 2650; x_wconf 89' lang='lat' dir='ltr'><strong>vero</strong></span> <span class='ocrx_word' id='word_1_203' title='bbox 403 2590 496 2651; x_wconf 87' lang='lat' dir='ltr'><strong>etiam</strong></span> <span class='ocrx_word' id='word_1_204' title='bbox 527 2589 647 2662; x_wconf 90' lang='lat' dir='ltr'><strong>petivi,</strong></span> <span class='ocrx_word' id='word_1_205' title='bbox 675 2596 711 2648; x_wconf 88' lang='lat' dir='ltr'><strong>ut</strong></span> <span class='ocrx_word' id='word_1_206' title='bbox 734 2592 766 2648; x_wconf 82' lang='lat' dir='ltr'>G.</span> <span class='ocrx_word' id='word_1_207' title='bbox 790 2591 828 2650; x_wconf 94' lang='lat' dir='ltr'>M.</span> <span class='ocrx_word' id='word_1_208' title='bbox 852 2589 886 2647; x_wconf 93' lang='lat' dir='ltr'>V.</span> <span class='ocrx_word' id='word_1_209' title='bbox 916 2597 1007 2664; x_wconf 86' lang='lat' dir='ltr'><strong>pactu</strong></span> <span class='ocrx_word' id='word_1_210' title='bbox 1037 2592 1171 2661; x_wconf 86' lang='lat' dir='ltr'><strong>dotalia,</strong></span> <span class='ocrx_word' id='word_1_211' title='bbox 1202 2609 1333 2667; x_wconf 87' lang='lat' dir='ltr'><strong>quorum</strong></span> 
     </span>
     <span class='ocr_line' id='line_1_24' title="bbox 26 2692 1333 2771; baseline 0.003 -21"><span class='ocrx_word' id='word_1_212' title='bbox 26 2699 28 2734; x_wconf 67' lang='lat' dir='ltr'><strong>l</strong></span> <span class='ocrx_word' id='word_1_213' title='bbox 107 2694 289 2754; x_wconf 89' lang='lat' dir='ltr'><strong>mentionem</strong></span> <span class='ocrx_word' id='word_1_214' title='bbox 313 2694 392 2764; x_wconf 86' lang='lat' dir='ltr'><strong>teci,</strong></span> <span class='ocrx_word' id='word_1_215' title='bbox 425 2695 495 2753; x_wconf 90' lang='lat' dir='ltr'><strong>sine</strong></span> <span class='ocrx_word' id='word_1_216' title='bbox 518 2693 649 2753; x_wconf 90' lang='lat' dir='ltr'><strong>aliorum</strong></span> <span class='ocrx_word' id='word_1_217' title='bbox 674 2692 892 2768; x_wconf 87' lang='lat' dir='ltr'><strong>praeiudicio,</strong></span> <span class='ocrx_word' id='word_1_218' title='bbox 922 2693 949 2752; x_wconf 91' lang='lat' dir='ltr'><strong>si</strong></span> <span class='ocrx_word' id='word_1_219' title='bbox 982 2695 1035 2768; x_wconf 90' lang='lat' dir='ltr'><strong>qui</strong></span> <span class='ocrx_word' id='word_1_220' title='bbox 1059 2695 1268 2771; x_wconf 87' lang='lat' dir='ltr'><strong>praetendant</strong></span> <span class='ocrx_word' id='word_1_221' title='bbox 1298 2710 1333 2754; x_wconf 91' lang='lat' dir='ltr'><strong>se</strong></span> 
     </span>
     <span class='ocr_line' id='line_1_25' title="bbox 26 2781 1333 2874; baseline 0.005 -24"><span class='ocrx_word' id='word_1_222' title='bbox 26 2781 28 2812; x_wconf 42' lang='lat' dir='ltr'><strong>l</strong></span> <span class='ocrx_word' id='word_1_223' title='bbox 108 2792 148 2854; x_wconf 90' lang='lat' dir='ltr'><strong>ins</strong></span> <span class='ocrx_word' id='word_1_224' title='bbox 169 2797 306 2866; x_wconf 86' lang='lat' dir='ltr'><strong>habere,</strong></span> <span class='ocrx_word' id='word_1_225' title='bbox 330 2797 510 2865; x_wconf 89' lang='lat' dir='ltr'><strong>confirmet,</strong></span> <span class='ocrx_word' id='word_1_226' title='bbox 535 2795 567 2854; x_wconf 92' lang='lat' dir='ltr'><strong>id</strong></span> <span class='ocrx_word' id='word_1_227' title='bbox 589 2795 704 2855; x_wconf 87' lang='lat' dir='ltr'><strong>lactum</strong></span> <span class='ocrx_word' id='word_1_228' title='bbox 728 2802 777 2855; x_wconf 89' lang='lat' dir='ltr'><strong>est</strong></span> <span class='ocrx_word' id='word_1_229' title='bbox 801 2802 832 2854; x_wconf 91' lang='lat' dir='ltr'><strong>et</strong></span> <span class='ocrx_word' id='word_1_230' title='bbox 854 2813 936 2856; x_wconf 91' lang='lat' dir='ltr'><strong>nunc</strong></span> <span class='ocrx_word' id='word_1_231' title='bbox 959 2803 991 2854; x_wconf 92' lang='lat' dir='ltr'><strong>et</strong></span> <span class='ocrx_word' id='word_1_232' title='bbox 1008 2803 1101 2857; x_wconf 88' lang='lat' dir='ltr'><strong>antea</strong></span> <span class='ocrx_word' id='word_1_233' title='bbox 1117 2803 1246 2874; x_wconf 88' lang='lat' dir='ltr'><strong>propter</strong></span> <span class='ocrx_word' id='word_1_234' title='bbox 1262 2798 1333 2857; x_wconf 90' lang='lat' dir='ltr'><strong>illas</strong></span> 
     </span>
     <span class='ocr_line' id='line_1_26' title="bbox 26 2885 1334 2973; baseline 0.001 -16"><span class='ocrx_word' id='word_1_235' title='bbox 26 2885 27 2888; x_wconf 28' lang='lat'>¹</span> <span class='ocrx_word' id='word_1_236' title='bbox 108 2912 225 2968; x_wconf 75' lang='lat' dir='ltr'><strong>musas,</strong></span> <span class='ocrx_word' id='word_1_237' title='bbox 257 2915 335 2973; x_wconf 88' lang='lat' dir='ltr'><strong>quas</strong></span> <span class='ocrx_word' id='word_1_238' title='bbox 359 2898 465 2960; x_wconf 82' lang='lat' dir='ltr'><strong>affinis</strong></span> <span class='ocrx_word' id='word_1_239' title='bbox 488 2913 594 2967; x_wconf 93' lang='lat' dir='ltr'><strong>meus,</strong></span> <span class='ocrx_word' id='word_1_240' title='bbox 628 2904 658 2956; x_wconf 91' lang='lat' dir='ltr'><strong>et</strong></span> <span class='ocrx_word' id='word_1_241' title='bbox 688 2895 793 2957; x_wconf 88' lang='lat' dir='ltr'><strong>alfinis</strong></span> <span class='ocrx_word' id='word_1_242' title='bbox 824 2897 957 2958; x_wconf 88' lang='lat' dir='ltr'><strong>meede</strong></span> <span class='ocrx_word' id='word_1_243' title='bbox 981 2899 1078 2958; x_wconf 87' lang='lat' dir='ltr'><strong>lulich</strong></span> <span class='ocrx_word' id='word_1_244' title='bbox 1105 2905 1136 2958; x_wconf 90' lang='lat' dir='ltr'><strong>et</strong></span> <span class='ocrx_word' id='word_1_245' title='bbox 1159 2901 1271 2968; x_wconf 79' lang='lat' dir='ltr'><strong>ctare,</strong></span> <span class='ocrx_word' id='word_1_246' title='bbox 1304 2906 1334 2958; x_wconf 90' lang='lat' dir='ltr'><strong>et</strong></span> 
     </span>
     <span class='ocr_line' id='line_1_27' title="bbox 108 2999 1333 3076; baseline 0.006 -22"><span class='ocrx_word' id='word_1_247' title='bbox 108 3011 158 3074; x_wconf 83' lang='lat' dir='ltr'><strong>ego</strong></span> <span class='ocrx_word' id='word_1_248' title='bbox 181 3016 240 3076; x_wconf 92' lang='lat' dir='ltr'><strong>per</strong></span> <span class='ocrx_word' id='word_1_249' title='bbox 262 3015 352 3060; x_wconf 90' lang='lat' dir='ltr'><strong>meos</strong></span> <span class='ocrx_word' id='word_1_250' title='bbox 376 3007 519 3062; x_wconf 87' lang='lat' dir='ltr'><strong>oratores</strong></span> <span class='ocrx_word' id='word_1_251' title='bbox 541 2999 658 3059; x_wconf 90' lang='lat' dir='ltr'><strong>missos</strong></span> <span class='ocrx_word' id='word_1_252' title='bbox 682 2999 714 3058; x_wconf 91' lang='lat' dir='ltr'><strong>in</strong></span> <span class='ocrx_word' id='word_1_253' title='bbox 738 2999 940 3075; x_wconf 81' lang='lat' dir='ltr'><strong>Hispaniam,</strong></span> <span class='ocrx_word' id='word_1_254' title='bbox 971 3001 1059 3062; x_wconf 84' lang='lat' dir='ltr'><strong>iuxta</strong></span> <span class='ocrx_word' id='word_1_255' title='bbox 1088 3008 1226 3062; x_wconf 88' lang='lat' dir='ltr'><strong>nostrum</strong></span> <span class='ocrx_word' id='word_1_256' title='bbox 1249 3009 1333 3061; x_wconf 90' lang='lat' dir='ltr'><strong>utro·</strong></span> 
     </span>
    </p>
   </div>
   <div class='ocr_carea' id='block_1_7' title="bbox 26 3101 1333 3178">
    <p class='ocr_par' dir='ltr' id='par_1_10' title="bbox 26 3101 1333 3178">
     <span class='ocr_line' id='line_1_28' title="bbox 26 3101 1333 3178; baseline 0.001 -20"><span class='ocrx_word' id='word_1_257' title='bbox 26 3107 28 3120; x_wconf 86' lang='lat'>&#39;</span> <span class='ocrx_word' id='word_1_258' title='bbox 107 3115 227 3176; x_wconf 83' lang='lat' dir='ltr'><strong>ruraque</strong></span> <span class='ocrx_word' id='word_1_259' title='bbox 251 3101 424 3178; x_wconf 83' lang='lat' dir='ltr'><strong>sigillatam</strong></span> <span class='ocrx_word' id='word_1_260' title='bbox 448 3101 706 3169; x_wconf 83' lang='lat' dir='ltr'><strong>instructionem,</strong></span> <span class='ocrx_word' id='word_1_261' title='bbox 737 3102 816 3161; x_wconf 87' lang='lat' dir='ltr'><strong>satis</strong></span> <span class='ocrx_word' id='word_1_262' title='bbox 849 3103 982 3176; x_wconf 81' lang='lat' dir='ltr'><strong>copiose</strong></span> <span class='ocrx_word' id='word_1_263' title='bbox 1007 3104 1214 3178; x_wconf 87' lang='lat' dir='ltr'><strong>exposuimus</strong></span> <span class='ocrx_word' id='word_1_264' title='bbox 1240 3105 1270 3164; x_wconf 83' lang='lat' dir='ltr'>C.</span> <span class='ocrx_word' id='word_1_265' title='bbox 1295 3101 1333 3162; x_wconf 90' lang='lat' dir='ltr'>M.</span> 
     </span>
    </p>
   </div>
   <div class='ocr_carea' id='block_1_8' title="bbox 26 3200 1334 3498">
    <p class='ocr_par' dir='ltr' id='par_1_11' title="bbox 26 3200 1334 3498">
     <span class='ocr_line' id='line_1_29' title="bbox 26 3200 1331 3288; baseline 0.003 -29"><span class='ocrx_word' id='word_1_266' title='bbox 26 3265 27 3288; x_wconf 30' lang='lat'>3</span> <span class='ocrx_word' id='word_1_267' title='bbox 106 3200 238 3264; x_wconf 89' lang='lat' dir='ltr'><strong>Vestrae.</strong></span> <span class='ocrx_word' id='word_1_268' title='bbox 283 3203 321 3264; x_wconf 80' lang='lat' dir='ltr'><strong>ut</strong></span> <span class='ocrx_word' id='word_1_269' title='bbox 343 3205 478 3268; x_wconf 85' lang='lat' dir='ltr'><strong>maxime</strong></span> <span class='ocrx_word' id='word_1_270' title='bbox 504 3210 632 3280; x_wconf 88' lang='lat' dir='ltr'><strong>propter</strong></span> <span class='ocrx_word' id='word_1_271' title='bbox 655 3203 847 3262; x_wconf 91' lang='lat' dir='ltr'><strong>clementiss.</strong></span> <span class='ocrx_word' id='word_1_272' title='bbox 872 3205 1046 3279; x_wconf 90' lang='lat' dir='ltr'><strong>promissa,</strong></span> <span class='ocrx_word' id='word_1_273' title='bbox 1072 3221 1154 3280; x_wconf 88' lang='lat' dir='ltr'><strong>qnae</strong></span> <span class='ocrx_word' id='word_1_274' title='bbox 1178 3207 1208 3264; x_wconf 84' lang='lat' dir='ltr'>C.</span> <span class='ocrx_word' id='word_1_275' title='bbox 1232 3205 1270 3264; x_wconf 91' lang='lat' dir='ltr'>M.</span> <span class='ocrx_word' id='word_1_276' title='bbox 1297 3205 1331 3264; x_wconf 89' lang='lat' dir='ltr'><strong>V.</strong></span> 
     </span>
     <span class='ocr_line' id='line_1_30' title="bbox 26 3301 1332 3382; baseline 0.004 -20"><span class='ocrx_word' id='word_1_277' title='bbox 26 3301 27 3330; x_wconf 76' lang='lat'>³</span> <span class='ocrx_word' id='word_1_278' title='bbox 107 3305 228 3375; x_wconf 83' lang='lat' dir='ltr'><strong>primum</strong></span> <span class='ocrx_word' id='word_1_279' title='bbox 252 3307 340 3368; x_wconf 86' lang='lat' dir='ltr'><strong>fratri</strong></span> <span class='ocrx_word' id='word_1_280' title='bbox 364 3323 460 3377; x_wconf 77' lang='lat' dir='ltr'><strong>meo,</strong></span> <span class='ocrx_word' id='word_1_281' title='bbox 475 3308 590 3367; x_wconf 90' lang='lat' dir='ltr'><strong>deinde</strong></span> <span class='ocrx_word' id='word_1_282' title='bbox 615 3307 694 3366; x_wconf 88' lang='lat' dir='ltr'><strong>mihi</strong></span> <span class='ocrx_word' id='word_1_283' title='bbox 717 3322 775 3382; x_wconf 88' lang='lat' dir='ltr'><strong>per</strong></span> <span class='ocrx_word' id='word_1_284' title='bbox 794 3308 999 3382; x_wconf 83' lang='lat' dir='ltr'><strong>secretarium</strong></span> <span class='ocrx_word' id='word_1_285' title='bbox 1014 3308 1048 3367; x_wconf 85' lang='lat' dir='ltr'>C.</span> <span class='ocrx_word' id='word_1_286' title='bbox 1061 3308 1098 3367; x_wconf 88' lang='lat' dir='ltr'><strong>M.</strong></span> <span class='ocrx_word' id='word_1_287' title='bbox 1113 3308 1148 3367; x_wconf 93' lang='lat' dir='ltr'><strong>V.</strong></span> <span class='ocrx_word' id='word_1_288' title='bbox 1164 3307 1332 3368; x_wconf 85' lang='lat' dir='ltr'><strong>Iohannem</strong></span> 
     </span>
     <span class='ocr_line' id='line_1_31' title="bbox 26 3403 1334 3498; baseline 0.007 -35"><span class='ocrx_word' id='word_1_289' title='bbox 26 3415 27 3498; x_wconf 15' lang='grc' dir='ltr'>ἐ</span> <span class='ocrx_word' id='word_1_290' title='bbox 107 3403 249 3488; x_wconf 82' lang='lat' dir='ltr'><strong>Hanart²)</strong></span> <span class='ocrx_word' id='word_1_291' title='bbox 273 3410 361 3489; x_wconf 80' lang='lat' dir='ltr'><strong>iuxta</strong></span> <span class='ocrx_word' id='word_1_292' title='bbox 383 3411 495 3470; x_wconf 87' lang='lat' dir='ltr'><strong>literas</strong></span> <span class='ocrx_word' id='word_1_293' title='bbox 516 3408 593 3470; x_wconf 87' lang='lat' dir='ltr'><strong>fidei</strong></span> <span class='ocrx_word' id='word_1_294' title='bbox 617 3411 649 3468; x_wconf 82' lang='lat' dir='ltr'>G.</span> <span class='ocrx_word' id='word_1_295' title='bbox 673 3409 711 3468; x_wconf 88' lang='lat' dir='ltr'>M.</span> <span class='ocrx_word' id='word_1_296' title='bbox 739 3409 769 3466; x_wconf 90' lang='lat' dir='ltr'>V.</span> <span class='ocrx_word' id='word_1_297' title='bbox 795 3415 827 3468; x_wconf 93' lang='lat' dir='ltr'><strong>et</strong></span> <span class='ocrx_word' id='word_1_298' title='bbox 844 3408 1103 3479; x_wconf 87' lang='lat' dir='ltr'><strong>instructionem,</strong></span> <span class='ocrx_word' id='word_1_299' title='bbox 1129 3408 1212 3471; x_wconf 87' lang='lat' dir='ltr'><strong>inter</strong></span> <span class='ocrx_word' id='word_1_300' title='bbox 1227 3417 1334 3472; x_wconf 88' lang='lat' dir='ltr'><strong>cetere</strong></span> 
     </span>
    </p>
   </div>
   <div class='ocr_carea' id='block_1_9' title="bbox 26 3507 1332 3585">
    <p class='ocr_par' dir='ltr' id='par_1_12' title="bbox 26 3507 1332 3585">
     <span class='ocr_line' id='line_1_32' title="bbox 26 3507 1332 3585; baseline 0.007 -20"><span class='ocrx_word' id='word_1_301' title='bbox 26 3507 27 3560; x_wconf 85' lang='lat' dir='ltr'><strong>l</strong></span> <span class='ocrx_word' id='word_1_302' title='bbox 109 3507 232 3572; x_wconf 85' lang='lat' dir='ltr'><strong>inbono</strong></span> <span class='ocrx_word' id='word_1_303' title='bbox 253 3511 443 3574; x_wconf 80' lang='lat' dir='ltr'><strong>sententiam</strong></span> <span class='ocrx_word' id='word_1_304' title='bbox 466 3510 560 3581; x_wconf 88' lang='lat' dir='ltr'><strong>lecit,</strong></span> <span class='ocrx_word' id='word_1_305' title='bbox 584 3510 736 3571; x_wconf 89' lang='lat' dir='ltr'><strong>videlicet</strong></span> <span class='ocrx_word' id='word_1_306' title='bbox 760 3511 834 3585; x_wconf 86' lang='lat' dir='ltr'><strong>quia</strong></span> <span class='ocrx_word' id='word_1_307' title='bbox 858 3513 890 3570; x_wconf 84' lang='lat' dir='ltr'>C.</span> <span class='ocrx_word' id='word_1_308' title='bbox 914 3511 951 3570; x_wconf 96' lang='lat' dir='ltr'>M.</span> <span class='ocrx_word' id='word_1_309' title='bbox 975 3513 1011 3569; x_wconf 95' lang='lat' dir='ltr'>V.</span> <span class='ocrx_word' id='word_1_310' title='bbox 1044 3527 1084 3572; x_wconf 83' lang='lat' dir='ltr'><strong>ex</strong></span> <span class='ocrx_word' id='word_1_311' title='bbox 1107 3515 1203 3573; x_wconf 92' lang='lat' dir='ltr'><strong>certis</strong></span> <span class='ocrx_word' id='word_1_312' title='bbox 1227 3515 1332 3574; x_wconf 87' lang='lat' dir='ltr'><strong>causis</strong></span> 
     </span>
    </p>
   </div>
   <div class='ocr_carea' id='block_1_10' title="bbox 26 3613 1333 4100">
    <p class='ocr_par' dir='ltr' id='par_1_13' title="bbox 26 3613 1333 4100">
     <span class='ocr_line' id='line_1_33' title="bbox 108 3613 1333 3691; baseline 0.006 -25"><span class='ocrx_word' id='word_1_313' title='bbox 108 3615 171 3672; x_wconf 89' lang='lat' dir='ltr'><strong>tunc</strong></span> <span class='ocrx_word' id='word_1_314' title='bbox 191 3613 341 3691; x_wconf 83' lang='lat' dir='ltr'><strong>allegatis</strong></span> <span class='ocrx_word' id='word_1_315' title='bbox 364 3632 425 3674; x_wconf 90' lang='lat' dir='ltr'><strong>non</strong></span> <span class='ocrx_word' id='word_1_316' title='bbox 452 3620 560 3688; x_wconf 90' lang='lat' dir='ltr'><strong>posset</strong></span> <span class='ocrx_word' id='word_1_317' title='bbox 585 3614 703 3688; x_wconf 84' lang='lat' dir='ltr'><strong>exequi</strong></span> <span class='ocrx_word' id='word_1_318' title='bbox 726 3615 889 3689; x_wconf 88' lang='lat' dir='ltr'><strong>sponsalia</strong></span> <span class='ocrx_word' id='word_1_319' title='bbox 912 3620 1071 3675; x_wconf 89' lang='lat' dir='ltr'><strong>contracte</strong></span> <span class='ocrx_word' id='word_1_320' title='bbox 1092 3615 1333 3676; x_wconf 87' lang='lat' dir='ltr'><strong>intersererem</strong></span> 
     </span>
     <span class='ocr_line' id='line_1_34' title="bbox 26 3703 1332 3793; baseline 0.006 -23"><span class='ocrx_word' id='word_1_321' title='bbox 26 3703 28 3748; x_wconf 53' lang='lat' dir='ltr'>f</span> <span class='ocrx_word' id='word_1_322' title='bbox 109 3712 134 3770; x_wconf 82' lang='lat' dir='ltr'>C.</span> <span class='ocrx_word' id='word_1_323' title='bbox 155 3715 189 3774; x_wconf 89' lang='lat' dir='ltr'>M.</span> <span class='ocrx_word' id='word_1_324' title='bbox 216 3717 249 3773; x_wconf 89' lang='lat' dir='ltr'>V.</span> <span class='ocrx_word' id='word_1_325' title='bbox 284 3731 365 3778; x_wconf 86' lang='lat' dir='ltr'><strong>nunc</strong></span> <span class='ocrx_word' id='word_1_326' title='bbox 398 3717 551 3793; x_wconf 84' lang='lat' dir='ltr'><strong>Reginam</strong></span> <span class='ocrx_word' id='word_1_327' title='bbox 574 3717 818 3793; x_wconf 57' lang='lat' dir='ltr'><strong>cornugalliae,</strong></span> <span class='ocrx_word' id='word_1_328' title='bbox 863 3724 893 3776; x_wconf 89' lang='lat' dir='ltr'><strong>et</strong></span> <span class='ocrx_word' id='word_1_329' title='bbox 932 3719 1032 3778; x_wconf 90' lang='lat' dir='ltr'><strong>filium</strong></span> <span class='ocrx_word' id='word_1_330' title='bbox 1073 3735 1176 3779; x_wconf 88' lang='lat' dir='ltr'><strong>meum</strong></span> <span class='ocrx_word' id='word_1_331' title='bbox 1213 3721 1332 3780; x_wconf 89' lang='lat' dir='ltr'><strong>Ducem</strong></span> 
     </span>
     <span class='ocr_line' id='line_1_35' title="bbox 108 3813 1333 3896; baseline 0.007 -25"><span class='ocrx_word' id='word_1_332' title='bbox 108 3813 267 3879; x_wconf 84' lang='lat' dir='ltr'><strong>Iohannem</strong></span> <span class='ocrx_word' id='word_1_333' title='bbox 289 3818 500 3888; x_wconf 72' lang='lat' dir='ltr'><strong>lirinensem,</strong></span> <span class='ocrx_word' id='word_1_334' title='bbox 525 3821 613 3880; x_wconf 86' lang='lat' dir='ltr'><strong>iuxta</strong></span> <span class='ocrx_word' id='word_1_335' title='bbox 630 3819 787 3896; x_wconf 82' lang='lat' dir='ltr'><strong>sigillatas</strong></span> <span class='ocrx_word' id='word_1_336' title='bbox 809 3819 919 3879; x_wconf 88' lang='lat' dir='ltr'><strong>literas</strong></span> <span class='ocrx_word' id='word_1_337' title='bbox 936 3820 1023 3880; x_wconf 87' lang='lat' dir='ltr'><strong>illins</strong></span> <span class='ocrx_word' id='word_1_338' title='bbox 1040 3827 1229 3891; x_wconf 86' lang='lat' dir='ltr'><strong>contractus,</strong></span> <span class='ocrx_word' id='word_1_339' title='bbox 1254 3837 1333 3896; x_wconf 77' lang='lat' dir='ltr'><strong>quies</strong></span> 
     </span>
     <span class='ocr_line' id='line_1_36' title="bbox 108 3916 1332 4002; baseline 0.007 -28"><span class='ocrx_word' id='word_1_340' title='bbox 108 3916 297 3983; x_wconf 86' lang='lat' dir='ltr'><strong>hauddubie</strong></span> <span class='ocrx_word' id='word_1_341' title='bbox 323 3923 354 3980; x_wconf 83' lang='lat' dir='ltr'>G.</span> <span class='ocrx_word' id='word_1_342' title='bbox 378 3921 417 3980; x_wconf 92' lang='lat' dir='ltr'>M.</span> <span class='ocrx_word' id='word_1_343' title='bbox 439 3923 473 3980; x_wconf 93' lang='lat' dir='ltr'>V.</span> <span class='ocrx_word' id='word_1_344' title='bbox 498 3923 650 3997; x_wconf 88' lang='lat' dir='ltr'><strong>meminit.</strong></span> <span class='ocrx_word' id='word_1_345' title='bbox 685 3922 761 3982; x_wconf 89' lang='lat' dir='ltr'><strong>Ideo</strong></span> <span class='ocrx_word' id='word_1_346' title='bbox 786 3922 814 3981; x_wconf 93' lang='lat' dir='ltr'><strong>si</strong></span> <span class='ocrx_word' id='word_1_347' title='bbox 837 3937 925 3980; x_wconf 89' lang='lat' dir='ltr'><strong>meus</strong></span> <span class='ocrx_word' id='word_1_348' title='bbox 949 3922 1045 3983; x_wconf 86' lang='lat' dir='ltr'><strong>trater</strong></span> <span class='ocrx_word' id='word_1_349' title='bbox 1067 3922 1157 4002; x_wconf 80' lang='lat' dir='ltr'><strong>eut³)</strong></span> <span class='ocrx_word' id='word_1_350' title='bbox 1181 3940 1240 4000; x_wconf 87' lang='lat' dir='ltr'><strong>ego</strong></span> <span class='ocrx_word' id='word_1_351' title='bbox 1259 3941 1332 3984; x_wconf 90' lang='lat' dir='ltr'><strong>con-</strong></span> 
     </span>
     <span class='ocr_line' id='line_1_37' title="bbox 26 4018 1332 4100; baseline 0.008 -24"><span class='ocrx_word' id='word_1_352' title='bbox 26 4023 27 4042; x_wconf 64' lang='lat'><em>*</em></span> <span class='ocrx_word' id='word_1_353' title='bbox 110 4018 212 4096; x_wconf 84' lang='lat' dir='ltr'><strong>iugem.</strong></span> <span class='ocrx_word' id='word_1_354' title='bbox 226 4024 294 4084; x_wconf 89' lang='lat' dir='ltr'><strong>filio</strong></span> <span class='ocrx_word' id='word_1_355' title='bbox 317 4039 390 4084; x_wconf 90' lang='lat' dir='ltr'><strong>mee</strong></span> <span class='ocrx_word' id='word_1_356' title='bbox 413 4025 491 4086; x_wconf 86' lang='lat' dir='ltr'><strong>olibi</strong></span> <span class='ocrx_word' id='word_1_357' title='bbox 516 4039 756 4100; x_wconf 83' lang='lat' dir='ltr'><strong>quaereremus,</strong></span> <span class='ocrx_word' id='word_1_358' title='bbox 781 4027 877 4084; x_wconf 93' lang='lat' dir='ltr'><strong>vellet</strong></span> <span class='ocrx_word' id='word_1_359' title='bbox 901 4026 931 4084; x_wconf 80' lang='lat' dir='ltr'>G.</span> <span class='ocrx_word' id='word_1_360' title='bbox 952 4025 989 4084; x_wconf 96' lang='lat' dir='ltr'>M.</span> <span class='ocrx_word' id='word_1_361' title='bbox 1008 4024 1042 4083; x_wconf 91' lang='lat' dir='ltr'>V.</span> <span class='ocrx_word' id='word_1_362' title='bbox 1069 4027 1241 4086; x_wconf 87' lang='lat' dir='ltr'><strong>clementer</strong></span> <span class='ocrx_word' id='word_1_363' title='bbox 1264 4042 1332 4086; x_wconf 89' lang='lat' dir='ltr'><strong>eam</strong></span> 
     </span>
    </p>
   </div>
   <div class='ocr_carea' id='block_1_11' title="bbox 114 4173 303 4189">
    <p class='ocr_par' dir='ltr' id='par_1_14' title="bbox 114 4173 303 4189">
     <span class='ocr_line' id='line_1_38' title="bbox 114 4173 303 4189; baseline 0.011 -6"><span class='ocrx_word' id='word_1_364' title='bbox 114 4173 303 4189; x_wconf 49' lang='lat' dir='ltr'>&#39;flu—..m</span> 
     </span>
    </p>
   </div>
   <div class='ocr_carea' id='block_1_12' title="bbox 109 4261 1333 4421">
    <p class='ocr_par' dir='ltr' id='par_1_15' title="bbox 109 4261 1333 4421">
     <span class='ocr_line' id='line_1_39' title="bbox 186 4261 1333 4331; baseline -0.001 -18"><span class='ocrx_word' id='word_1_365' title='bbox 186 4264 212 4328; x_wconf 86' lang='lat'><strong>1)</strong></span> <span class='ocrx_word' id='word_1_366' title='bbox 235 4280 286 4330; x_wconf 80' lang='lat' dir='ltr'><strong>ego</strong></span> <span class='ocrx_word' id='word_1_367' title='bbox 305 4279 376 4316; x_wconf 87' lang='lat' dir='ltr'><strong>nunc</strong></span> <span class='ocrx_word' id='word_1_368' title='bbox 395 4263 489 4330; x_wconf 86' lang='lat' dir='ltr'><strong>heres]</strong></span> <span class='ocrx_word' id='word_1_369' title='bbox 517 4265 557 4317; x_wconf 86' lang='lat' dir='ltr'><strong>sio</strong></span> <span class='ocrx_word' id='word_1_370' title='bbox 578 4264 669 4331; x_wconf 70' lang='lat' dir='ltr'><strong>Chytr.</strong></span> <span class='ocrx_word' id='word_1_371' title='bbox 690 4270 716 4315; x_wconf 90' lang='lat' dir='ltr'><strong>et</strong></span> <span class='ocrx_word' id='word_1_372' title='bbox 736 4263 898 4324; x_wconf 85' lang='lat' dir='ltr'><strong>Goelestin.;</strong></span> <span class='ocrx_word' id='word_1_373' title='bbox 924 4264 951 4312; x_wconf 86' lang='lat' dir='ltr'><strong>iu</strong></span> <span class='ocrx_word' id='word_1_374' title='bbox 973 4261 1038 4314; x_wconf 80' lang='lat' dir='ltr'><strong>God.</strong></span> <span class='ocrx_word' id='word_1_375' title='bbox 1058 4263 1129 4314; x_wconf 87' lang='lat' dir='ltr'><strong>inter</strong></span> <span class='ocrx_word' id='word_1_376' title='bbox 1153 4277 1234 4315; x_wconf 87' lang='lat' dir='ltr'><strong>voces</strong></span> <span class='ocrx_word' id='word_1_377' title='bbox 1259 4265 1285 4314; x_wconf 78' lang='lat' dir='ltr'><strong>si</strong></span> <span class='ocrx_word' id='word_1_378' title='bbox 1306 4267 1333 4314; x_wconf 91' lang='lat' dir='ltr'><strong>et</strong></span> 
     </span>
     <span class='ocr_line' id='line_1_40' title="bbox 109 4343 1331 4421; baseline 0.003 -27"><span class='ocrx_word' id='word_1_379' title='bbox 109 4343 208 4407; x_wconf 76' lang='lat' dir='ltr'><strong>{ratris</strong></span> <span class='ocrx_word' id='word_1_380' title='bbox 225 4353 242 4402; x_wconf 84' lang='grc'><strong>4</strong></span> <span class='ocrx_word' id='word_1_381' title='bbox 259 4353 385 4417; x_wconf 79' lang='lat' dir='ltr'><strong>integrae</strong></span> <span class='ocrx_word' id='word_1_382' title='bbox 405 4351 493 4402; x_wconf 88' lang='lat' dir='ltr'><strong>lineae</strong></span> <span class='ocrx_word' id='word_1_383' title='bbox 513 4358 539 4402; x_wconf 87' lang='lat' dir='ltr'><strong>et</strong></span> <span class='ocrx_word' id='word_1_384' title='bbox 557 4353 573 4404; x_wconf 82' lang='grc'>5</span> <span class='ocrx_word' id='word_1_385' title='bbox 591 4351 732 4404; x_wconf 86' lang='lat' dir='ltr'><strong>breviores</strong></span> <span class='ocrx_word' id='word_1_386' title='bbox 757 4351 784 4401; x_wconf 91' lang='lat' dir='ltr'><strong>in</strong></span> <span class='ocrx_word' id='word_1_387' title='bbox 809 4349 932 4414; x_wconf 76' lang='lat' dir='ltr'><strong>margine</strong></span> <span class='ocrx_word' id='word_1_388' title='bbox 955 4350 1239 4421; x_wconf 85' lang='lat' dir='ltr'><strong>adscriptaedeletae</strong></span> <span class='ocrx_word' id='word_1_389' title='bbox 1258 4355 1331 4402; x_wconf 83' lang='lat' dir='ltr'><strong>sunt.</strong></span> 
     </span>
    </p>
   </div>
   <div class='ocr_carea' id='block_1_13' title="bbox 185 4449 1332 4520">
    <p class='ocr_par' dir='ltr' id='par_1_16' title="bbox 185 4449 1332 4520">
     <span class='ocr_line' id='line_1_41' title="bbox 185 4449 1332 4520; baseline 0.002 -20"><span class='ocrx_word' id='word_1_390' title='bbox 185 4449 213 4518; x_wconf 79' lang='lat'><strong>2)</strong></span> <span class='ocrx_word' id='word_1_391' title='bbox 237 4452 353 4520; x_wconf 84' lang='lat' dir='ltr'><strong>Hanart]</strong></span> <span class='ocrx_word' id='word_1_392' title='bbox 373 4453 414 4504; x_wconf 86' lang='lat' dir='ltr'><strong>sic</strong></span> <span class='ocrx_word' id='word_1_393' title='bbox 434 4453 514 4512; x_wconf 85' lang='lat' dir='ltr'><strong>God.;</strong></span> <span class='ocrx_word' id='word_1_394' title='bbox 533 4452 664 4506; x_wconf 83' lang='lat' dir='ltr'><strong>Goelest.:</strong></span> <span class='ocrx_word' id='word_1_395' title='bbox 684 4453 806 4512; x_wconf 82' lang='lat' dir='ltr'><strong>Honart;</strong></span> <span class='ocrx_word' id='word_1_396' title='bbox 827 4449 931 4514; x_wconf 56' lang='lat' dir='ltr'><strong>Chyton</strong></span> <span class='ocrx_word' id='word_1_397' title='bbox 953 4449 1070 4502; x_wconf 82' lang='lat' dir='ltr'><strong>Hanault</strong></span> <span class='ocrx_word' id='word_1_398' title='bbox 1089 4453 1166 4518; x_wconf 87' lang='lat' dir='ltr'><strong>(item</strong></span> <span class='ocrx_word' id='word_1_399' title='bbox 1185 4451 1212 4502; x_wconf 89' lang='lat' dir='ltr'><strong>ln</strong></span> <span class='ocrx_word' id='word_1_400' title='bbox 1230 4451 1332 4517; x_wconf 64' lang='lat' dir='ltr'><strong>sequ),</strong></span> 
     </span>
    </p>
   </div>
   <div class='ocr_carea' id='block_1_14' title="bbox 140 4554 1147 4700">
    <p class='ocr_par' dir='ltr' id='par_1_17' title="bbox 140 4554 1147 4700">
     <span class='ocr_line' id='line_1_42' title="bbox 185 4554 824 4623; baseline -0.005 -15"><span class='ocrx_word' id='word_1_401' title='bbox 185 4555 210 4620; x_wconf 83' lang='lat'><strong>3)</strong></span> <span class='ocrx_word' id='word_1_402' title='bbox 236 4556 293 4623; x_wconf 81' lang='lat' dir='ltr'><strong>eut]</strong></span> <span class='ocrx_word' id='word_1_403' title='bbox 314 4558 353 4608; x_wconf 87' lang='lat' dir='ltr'><strong>sic</strong></span> <span class='ocrx_word' id='word_1_404' title='bbox 373 4556 454 4615; x_wconf 53' lang='lat' dir='ltr'><strong>coda</strong></span> <span class='ocrx_word' id='word_1_405' title='bbox 474 4554 566 4621; x_wconf 73' lang='lat' dir='ltr'><strong>thtr.</strong></span> <span class='ocrx_word' id='word_1_406' title='bbox 588 4562 614 4605; x_wconf 88' lang='lat' dir='ltr'><strong>et</strong></span> <span class='ocrx_word' id='word_1_407' title='bbox 634 4554 766 4607; x_wconf 70' lang='lat' dir='ltr'><strong>coelest:</strong></span> <span class='ocrx_word' id='word_1_408' title='bbox 788 4560 824 4605; x_wconf 88' lang='lat' dir='ltr'><strong>et.</strong></span> 
     </span>
     <span class='ocr_line' id='line_1_43' title="bbox 140 4643 1147 4700; baseline -0.001 -12"><span class='ocrx_word' id='word_1_409' title='bbox 140 4646 229 4698; x_wconf 72' lang='lat' dir='ltr'><strong>suppleo.</strong></span> <span class='ocrx_word' id='word_1_410' title='bbox 248 4653 364 4691; x_wconf 68' lang='lat' dir='ltr'><strong>detractu.</strong></span> <span class='ocrx_word' id='word_1_411' title='bbox 1022 4655 1024 4660; x_wconf 62' lang='lat'><strong><em>¹</em></strong></span> <span class='ocrx_word' id='word_1_412' title='bbox 1131 4643 1147 4700; x_wconf 79' lang='lat'>5</span> 
     </span>
    </p>
   </div>
   <div class='ocr_carea' id='block_1_15' title="bbox 0 0 1564 5206">
    <p class='ocr_par' dir='ltr' id='par_1_18' title="bbox 0 0 1564 5206">
     <span class='ocr_line' id='line_1_44' title="bbox 0 0 1564 5206; baseline 0 0"><span class='ocrx_word' id='word_1_413' title='bbox 0 0 1564 5206; x_wconf 95' lang='lat' dir='ltr'><strong> </strong></span> 
     </span>
    </p>
   </div>
  </div>
 </body>
</html>
