3072 5208
496 327 739 382 sunnncnnurl
758 297 845 386 ιιιιιι·
871 330 946 394 roro.
1248 394 1252 400 .
1280 275 1348 387 ιιι

112 479 314 558 Clarissimo,
335 483 523 546 doctissimo
546 497 578 546 ct
594 481 824 549 humanissimo
841 493 924 558 vira,
946 482 1106 583 Philippo
1125 451 1349 564 Maracitana,

165 584 296 651 domno
315 593 534 670 praeceptori
555 599 588 648 ct
602 585 722 665 fratri
741 591 842 668 longe
862 595 1006 654 omnium
1027 593 1200 653 carissimo
1222 612 1291 664 suo,

550 689 601 752 Zu
625 689 725 771 argeti
745 685 904 755 Plaudere.

198 807 307 870 Gratia
335 815 441 872 tecum
471 807 503 871 et
532 828 595 887 pax
626 828 684 889 per
715 813 881 877 Christum.
935 813 1025 885 Quod
1048 809 1107 884 tibi
1130 815 1208 892 iam,
1243 793 1348 896 colen·

108 909 246 972 dissime
270 919 461 990 praeceptor
482 922 513 975 et
534 913 641 986 frater,
664 915 696 978 in
714 925 760 977 tot
777 913 872 988 curis,
897 916 1166 1003 solicitudinibus,
1179 915 1349 988 ⁴molestiis

108 1021 142 1073 et
165 1013 327 1077 laboribus
351 1017 545 1088 constituto,
576 1019 739 1096 negotium
769 1021 913 1089 facesso,
945 1020 976 1079 id
1007 1027 1039 1078 ut
1069 1034 1109 1080 ne
1133 1035 1230 1096 aegre
1253 1019 1350 1098 teras.

105 1111 254 1194 amanter
274 1137 364 1198 rogo.
407 1119 563 1196 Quicquid
588 1121 672 1183 enim
696 1123 791 1182 huius
814 1104 916 1194 lacio,
946 1141 1007 1182 non
1032 1137 1103 1205 meo
1127 1129 1264 1192 tantum.
1291 1122 1350 1200 ped

106 1219 282 1281 multorum
306 1222 401 1282 etiam
425 1223 584 1284 fratrum
577 1243 608 1284 ιιι
633 1225 694 1285 boc
716 1223 882 1304 ducatu)
916 1225 971 1299 qni
995 1239 1035 1284 ex
1058 1225 1164 1309 animo
1187 1225 1248 1288 tibi
1266 1226 1349 1284 bena

108 1324 238 1393 volunt,
270 1325 398 1386 nomine
429 1325 522 1388 facio
574 1327 695 1411 Quare
708 1325 805 1387 etium
836 1327 920 1388 baud
942 1327 1039 1388 dubie
1064 1301 1114 1388 bis
1137 1327 1219 1388 meis
1240 1325 1349 1416 literis

106 1433 200 1487 tanto
223 1427 359 1502 aequior
389 1430 470 1499 eris,
501 1437 618 1505 quanto
585 1429 747 1490 ttibi
739 1447 801 1491 ram
833 1430 906 1490 inde
937 1432 975 1491 ab
1008 1428 1101 1493 initio
1126 1429 1224 1494 auimi
1247 1425 1350 1501 ιοιιιι

106 1544 189 1606 erga
219 1538 251 1590 ta
283 1534 455 1626 propensio
491 1535 693 1611 perspectior
722 1514 789 1594 luit.
851 1535 889 1594 Et
919 1534 991 1608 quis
1021 1531 1222 1620 Philippum,
1258 1549 1349 1609 prae·

105 1637 276 1710 ceptorem
300 1629 340 1694 do
364 1633 483 1705 literis,
514 1637 554 1696 de
579 1636 702 1714 pietate
726 1643 759 1696 et
782 1639 891 1717 repub
917 1637 1092 1696 christiana
1111 1633 1232 1717 optime
1255 1636 1348 1718 mari·

105 1743 192 1806 tum,
225 1755 288 1797 non
313 1745 497 1799 reverenter
520 1738 694 1816 suspiciat,
724 1746 825 1809 amet,
855 1735 1062 1800 revereatur?
1114 1737 1213 1816 Urget
1244 1745 1349 1820 autam

105 1837 281 1916 gliscentis
306 1838 487 1904 schismatis
511 1839 594 1902 inter
617 1842 729 1905 iratres
752 1843 883 1912 malurn,
906 1849 994 1902 utta
1017 1830 1076 1904 hac
1096 1840 1237 1918 epistola
1253 1840 1349 1924 inter·v

106 1929 287 2018 pellemus,
320 1942 465 2020 adeoque
492 1960 680 2039 responsum
703 1947 821 2005 tuum'
814 1965 845 2006 m
869 1953 955 2006 tanto
980 1946 1041 2009 huc
1063 1944 1141 2006 illuc
1153 1962 1275 2034 sparso
1298 1961 1349 2005 ru·

105 2061 200 2106 more
224 2063 282 2122 pro
305 2043 529 2107 detensionet
517 2046 564 2108 tui
587 2049 761 2109 audiamus
794 2047 878 2108 Vere
902 2048 987 2109 enim
1011 2054 1108 2109 etex
1131 2048 1236 2110 animo
1249 2049 1350 2134 nobis

106 2150 218 2218 dolet,
255 2155 287 2208 te
316 2165 352 2208 ac
380 2150 553 2225 plerosque
589 2149 670 2211 alios
706 2151 789 2212 lama
825 2168 862 2210 ac
892 2149 1119 2210 aestimatione
1149 2151 1350 2240 pereclitari,
1413 2192 1416 2198 ·

106 2231 245 2329 quorum
276 2239 413 2312 nomina
430 2253 584 2313 hactenus
612 2259 768 2330 propter
774 2253 932 2324 adsertam
962 2253 1097 2314 candide
1121 2254 1289 2317 veritatem
1309 2251 1351 2323 ιι

105 2363 175 2417 ιοιο
201 2356 281 2415 orbe
303 2354 513 2415 celeberrima
542 2356 677 2415 luerunt.
733 2355 808 2416 Nam
839 2360 956 2430 quanta
979 2370 1019 2416 ax
1042 2356 1267 2431 praesentibus
1290 2356 1349 2420 ira

108 2464 194 2520 trum
210 2451 437 2518 certaminibus
457 2464 490 2516 et
509 2457 549 2517 ad
569 2463 696 2518 nostros
717 2429 925 2526 offendicula,
950 2463 981 2516 et
1000 2457 1040 2517 ad
1060 2457 1222 2536 evangelii
1238 2455 1350 2540 hostes

109 2561 216 2623 iubila
243 2557 391 2629 redeant,
415 2576 467 2620 res
490 2561 562 2636 ipsa
585 2561 736 2635 loquitur.
786 2559 824 2620 Et
848 2559 903 2634 qui
926 2559 1070 2638 propitio
1093 2559 1218 2650 Christo
1242 2565 1351 2623 contra

110 2678 227 2724 omnes
252 2661 321 2724 cum
343 2659 501 2724 sathanae
523 2670 589 2723 tum
612 2663 719 2724 mundi
749 2662 848 2723 lunias
878 2660 992 2724 invicti
1014 2665 1168 2724 hactenus
1191 2662 1351 2754 stetimus,

105 2785 191 2828 nunc
228 2769 261 2825 ct
289 2767 407 2828 mutuis
437 2766 622 2828 vulneribus
659 2766 800 2826 cadimus
836 2772 868 2825 et
902 2764 1166 2838 iucundissimum
1203 2765 1351 2841 hostibus

95 2852 330 2946 'spectaculum
360 2869 564 2946 praebemus,
599 2871 669 2930 sive
701 2874 805 2942 vestra
835 2869 905 2927 sive
935 2869 1070 2930 aliorum
1100 2853 1257 2949 culpaid
1285 2867 1350 2947 fiat,

106 2975 153 3032 Ac
177 2971 310 3048 quidem
334 2971 494 3051 principio
518 2991 623 3034 rumor
644 2973 685 3032 de
708 2969 798 3032 vobis
814 2989 943 3048 sparsus
963 2978 1022 3041 est,
1046 2989 1163 3032 novum
1180 2962 1351 3048 Ιιιιιιιιιιιῖιζ

105 3078 136 3136 in
163 3093 231 3152 quo
261 3075 371 3134 nescio
401 3083 576 3146 conventu,
606 3075 738 3137 avonis
769 3081 932 3150 receptum
957 3089 1046 3143 esse,
1081 3074 1166 3150 quod
1188 3092 1208 3136 a
1230 3073 1349 3152 prioris

106 3179 314 3256 corruptela,
338 3177 527 3252 praesertim
548 3179 580 3239 in
597 3171 877 3241 Ceremunialibus¹
890 3175 1030 3264 caussis,
1054 3195 1117 3238 non
1131 3193 1242 3261 partlm
1256 3175 1350 3259 absit.

105 3282 143 3342 Et
174 3281 480 3341 circumferebantur
510 3279 581 3342 eius
611 3280 725 3358 scripti
756 3280 920 3353 exempla,
959 3295 1041 3366 qliae
1078 3280 1172 3350 fidem
1209 3277 1349 3360 aliquam

106 3385 162 3445 isti
190 3383 309 3444 rumori
332 3382 498 3444 iaciebant.
544 3383 607 3444 Sed
630 3387 751 3455 nosde
776 3389 883 3442 vestra
906 3381 938 3443 in
964 3383 1096 3460 pictatis
1118 3383 1251 3460 negotio
1276 3379 1349 3444 con-

106 3487 230 3550 stantia
254 3484 422 3546 nihilium
446 3471 685 3556 addubitantes‚
717 3502 823 3562 neque
855 3488 1009 3563 scriptum
1032 3484 1118 3546 istud
1141 3471 1350 3562 aliquidmo·

107 3583 168 3652 rati
201 3605 328 3658 sumus,
367 3603 473 3663 neque
504 3589 597 3648 fidem
621 3595 764 3678 'vestram
803 3587 835 3648 in
865 3587 996 3650 dubium
1030 3605 1144 3650 uocare
1183 3590 1350 3654 voluimus.

107 3693 241 3756 Interim
269 3699 374 3752 tamen
405 3692 466 3753 huc
491 3699 612 3754 certum
642 3691 785 3754 nuntium
815 3693 942 3754 allatum
968 3700 1035 3761 est,
1071 3699 1103 3752 et
1126 3693 1206 3752 ritus
1230 3691 1351 3754 alicubi
1445 3674 1451 3684 ’

107 3797 142 3858 in
166 3801 278 3855 vestra
299 3794 423 3854 ditione
449 3811 467 3855 a
489 3795 562 3855 Lut
549 3802 656 3865 t,ero
680 3810 948 3872 piaememoriae
966 3813 1054 3864 viro
1077 3793 1241 3856 institutos
1257 3812 1351 3856 inno

107 3906 220 3968 vatos,
246 3903 278 3957 et
300 3897 381 3957 diros
405 3898 648 3960 concionatores
671 3899 778 3962 forsan
802 3898 1005 3958 novationem
1029 3898 1111 3959 hanc
1134 3872 1351 3996 improbantes

108 4005 139 4064 in
166 4018 329 4068 carcerem
359 3997 524 4062 coniectos
555 4017 638 4064 esse.
690 4001 750 4064 Hic
780 4002 935 4096 quoniam
959 4002 1070 4062 dextre
1099 4016 1136 4060 ac
1158 4000 1284 4061 sincere
1308 4001 1348 4086 de

108 4107 203 4166 vobis
228 4103 423 4192 sentientes,
446 4104 527 4164 nihil
551 4105 675 4165 sinistri
699 4105 739 4165 de
762 4106 855 4166 vobis
878 4106 931 4164 vel
955 4100 1114 4180 suspicari
1138 4105 1188 4194 vel
1212 4122 1348 4191 pronun-

108 4211 193 4270 tiara
222 4205 380 4284 tantisper
410 4208 584 4277 voluimus,
618 4209 693 4270 dum
727 4209 817 4286 ipsos
848 4225 907 4267 vos
942 4207 1018 4267 lacti
1057 4205 1157 4266 vestri
1193 4207 1349 4270 rationem

109 4311 285 4378 reddentes
310 4309 507 4374 audiremus.
565 4311 786 4388 Sperabamus*
806 4311 909 4380 enirn,
940 4310 1071 4386 publica
1097 4308 1215 4386 eliaam
1236 4327 1348 4388 purga-

109 4417 199 4476 tione
231 4431 288 4473 vos
319 4429 429 4473 omnes
457 4415 549 4476 nobis
570 4432 720 4491 scrupos·
741 4415 955 4490 adempturus.
1006 4412 1070 4472 Sed
1100 4413 1220 4474 crescit
1245 4412 1353 4492 magis

685 4505 723 4542 ‘tat
970 4538 973 4542 .

109 4551 319 4568 w

201 4622 228 4690 Ι)
250 4617 468 4688 Luu'eburgensi,
622 4617 649 4685 2)
668 4615 823 4687 Lipsiense.
