3120 5206
221 322 268 394 28
612 339 857 396 scarabaeum
880 343 960 396 anm
990 347 1065 400 rom.

223 497 272 556 aa.
327 503 382 558 uo.
404 497 491 560 lasa
538 495 614 581 (va.
625 503 650 558 1.
674 521 701 574 p.
718 499 806 576 aaa.)

329 581 500 611 M

439 675 567 744 Simon
597 677 787 768 Grynum
821 671 872 744 ad
897 676 1240 754 Melanchtltonem.

290 809 362 862 llaec
387 808 506 874 epistola
531 808 689 874 aGrynaeo
716 810 750 860 ad
769 808 1004 861 Melauehthonem
1029 810 1235 881 Hepdclbergae
1252 815 1296 865 VI.
1322 815 1366 868 ld.
1388 811 1469 884 Sept.

323 896 427 962 scripta
452 895 564 964 incipit:
602 895 753 963 „Philippo
780 895 984 948 Melanchthoni
1013 897 1106 948 Simon
1126 895 1266 964 Grynaeus
1294 898 1322 952 S.
1342 901 1379 953 D.
1401 900 1468 951 Gum

325 997 411 1048 nuper
430 981 610 1032 bibliothecas
631 981 702 1032 eas“
723 988 775 1032 eto.
803 980 930 1032 Continet
953 982 1076 1032 literaria
1101 983 1266 1051 praesertim
1286 986 1319 1036 de
1339 985 1469 1038 Liuianis
1553 995 1554 1014 ³

324 1065 426 1129 aliquot
444 1065 626 1118 voluminibus
651 1079 787 1130 nunquam
812 1066 945 1117 haetenus
968 1067 1051 1131 visis,
1078 1069 1143 1118 item
1170 1069 1300 1122 iudicium
1325 1071 1362 1122 de
1383 1071 1468 1136 genio

322 1151 396 1204 illiue
415 1152 485 1203 aevi.
513 1150 679 1204 Memoratur
695 1152 721 1202 in
737 1152 806 1204 libro
819 1153 968 1220 inscripto:
988 1153 1099 1219 „Index
1111 1162 1137 1206 et
1149 1163 1339 1222 argumentum
1352 1158 1469 1224 Episto-

322 1239 408 1290 larum
436 1239 471 1288 ad
498 1235 529 1287 Ι).
552 1237 694 1290 Erasmum
728 1239 962 1306 autographarum
993 1255 1062 1304 quae
1093 1241 1273 1294 adservantur
1295 1243 1414 1310 Lipsiae
1439 1244 1468 1294 in

322 1323 490 1376 bibliotheca
513 1323 538 1373 J.
564 1322 593 1372 F.
614 1323 789 1376 Burseheri.“
828 1323 938 1394 Lipsiae
964 1325 1040 1378 1784.
1070 1327 1096 1378 8.
1125 1327 1200 1378 Hanc
1224 1326 1374 1394 epistolam
1400 1345 1468 1380 nou-

325 1411 389 1462 dum
407 1411 473 1462 vidi.

737 1513 942 1524 ...a—n...-

222 1607 293 1716 lli.¹
325 1657 380 1712 No.
405 1651 493 1712 465¹&
540 1649 615 1735 (Vol.
631 1655 655 1710 Ι.
677 1674 704 1728 p.
723 1652 806 1728 893.)
997 1677 1000 1684 ’
1276 1685 1278 1692 ·
1320 1658 1369 1718 10.
1386 1664 1464 1736 Sept

324 1739 495 1765 Μ
1330 1751 1460 1776 Μ

648 1832 823 1924 Greporio
855 1835 1039 1902 Pontiano.

285 1963 325 2012 Ex
346 1965 517 2030 autographo
537 1961 711 2013 Vinariensis
730 1961 918 2016 Bibliothecae
941 1963 1150 2030 Maguiduealis.

181 2105 184 2111 “
257 2099 422 2183 Amplius.
446 2108 518 2164 ciro
540 2096 586 2163 D.
612 2096 776 2180 Gregorio
798 2097 897 2162 Book
918 2101 1050 2164 doctore·
1077 2100 1182 2176 Iuris,
1206 2101 1452 2181 cancellario·

418 2201 589 2287 Principis
611 2203 790 2266 Sumendae
811 2201 994 2276 Electorc‘s,
1017 2205 1085 2267 Suo
1103 2218 1259 2289 patrono.

303 2342 333 2402 S.
350 2344 382 2401 Ο.
417 2344 608 2419 Accepimus
639 2343 767 2413 literas,
798 2344 940 2420 ampliss.
972 2345 1108 2404 Domine
1138 2345 1354 2415 Cancellarie‚
1388 2346 1458 2421 qui-

218 2449 276 2506 bus
295 2463 470 2526 evocamur
494 2447 533 2507 ad
554 2446 773 2508 visitationem
787 2448 876 2508 Dect.
899 2447 1112 2522 Hieronymus
1126 2445 1147 2524 ¹)
1172 2456 1204 2508 et
1227 2464 1296 2526 ego.
1343 2449 1458 2524 Neque

218 2565 295 2612 sane
324 2567 508 2628 recusamus
544 2567 659 2626 parere
687 2551 845 2610 voluntati
880 2549 1041 2628 lllustriss.
1073 2549 1240 2627 Principis.
1301 2551 1366 2612 Sed
1396 2554 1459 2612 hoc

218 2652 461 2730 significandum
484 2653 574 2713 vobis
598 2653 692 2722 duxi,
715 2668 765 2712 me
789 2653 864 2711 hinc
887 2652 958 2712 sine
981 2651 1091 2728 aliquo
1111 2654 1245 2714 scholae
1261 2653 1456 2714 detrimento

217 2776 280 2819 nen
304 2773 402 2834 posse
425 2757 601 2816 discedere.
636 2756 714 2842 Nam
738 2772 798 2834 ege
822 2773 904 2815 unus
928 2743 1038 2816 sacras¹
1053 2755 1164 2818 literas
1179 2758 1231 2818 hic
1248 2759 1457 2834 interpretor,

218 2868 250 2922 et
278 2861 417 2936 aliquam
447 2867 569 2936 partem
598 2843 718 2921 laboris
749 2860 846 2922 etiam
876 2861 908 2918 in
938 2860 1115 2938 prophanis
1150 2860 1256 2921 literis
1286 2861 1454 2922 tradendis

218 2964 370 3024 sustineo.
426 2962 464 3022 Et
488 2961 617 3036 quidem
639 2956 711 3038 plus
736 2962 844 3022 oneris
867 2963 929 3022 hoc
952 2969 1098 3038 tempore
1122 2964 1270 3040 suscepi,
1301 2966 1456 3038 quoniam

217 3068 312 3144 pauci
336 3047 614 3144 professores'hic
637 3070 718 3126 sunt.
763 3065 830 3126 lino
853 3065 1010 3130 accedunt
1030 3069 1129 3128 multa
1152 3065 1218 3128 alia
1242 3067 1374 3129 scholae
1401 3083 1454 3126 ne-

215 3171 320 3249 gotia,
351 3187 433 3248 quae
462 3186 512 3231 me
542 3169 594 3230 hic
624 3170 765 3248 alligant.
818 3159 921 3240 Quare
951 3187 1030 3248 rogo
1060 3189 1134 3241 uos,
1164 3178 1199 3230 ut
1228 3169 1454 3246 eblllustriss,

215 3274 362 3351 Principe
391 3273 527 3350 petatis,
561 3280 595 3332 ut
624 3273 685 3332 hoe
713 3259 858 3348 tempore
889 3290 946 3332 nos
977 3273 1030 3331 iric
1061 3273 1227 3348 relinquat.
1273 3272 1456 3352 Praeterea,

215 3383 249 3436 ut
272 3375 409 3436 maxime
439 3377 481 3435 sit
509 3374 548 3436 ad
580 3375 815 3450 inspectionem
846 3374 1063 3434 Ecclesiarum
1092 3375 1377 3450 proficiscendum,
1410 3377 1456 3434 ita

214 3481 314 3540 multa
336 3485 407 3538 saint
423 3478 645 3550 ecclesiastiea
660 3475 807 3559 negotia,
833 3477 872 3536 de
893 3479 1008 3551 quibus
1025 3479 1168 3554 oportuit
1181 3479 1271 3556 prius
1287 3479 1453 3540 vobiscum

215 3583 401 3642 deliberare.
455 3581 532 3643 Nam
561 3581 631 3640 sine
662 3581 798 3642 consilio
827 3588 931 3641 vestro
956 3583 1112 3658 pleraque
1137 3582 1298 3642 eiusmodi
1321 3583 1454 3660 negotia

215 3686 362 3762 expediri
379 3703 448 3745 uon
471 3692 612 3761 possunt.
666 3683 703 3744 El
732 3683 871 3747 nondum
906 3682 1023 3749 seimus
1052 3703 1092 3746 an
1115 3685 1255 3763 Principi
1279 3690 1453 3763 probentur

216 3803 271 3857 ea,
302 3803 384 3862 quae
415 3794 488 3848 anta
512 3787 645 3864 egimus.
700 3784 803 3855 Quare
828 3787 964 3864 optarim
995 3804 1057 3847 non
1081 3789 1126 3872 ita
1150 3788 1359 3866 praecipitari
1384 3804 1451 3848 rem

213 3891 383 3953 maximam
414 3896 445 3948 et
474 3888 611 3949 maxime
642 3888 776 3958 variam,
807 3881 1044 3965 lns'peetiorrem
1071 3869 1298 3953 Ecclesiar‘um.
1356 3889 1451 3962 Quid-

215 3993 292 4070 quid
323 3993 483 4060 illustriss
507 3978 658 4070 Princeps
680 3993 877 4079 deereuerit,
909 3994 1034 4072 sarciam.
1079 3980 1168 4070 'Opto
1194 4001 1314 4076 tamen,
1346 4001 1380 4053 ut
1410 3993 1450 4051 de

214 4097 343 4156 scholae
367 4095 506 4155 utilitate
531 4097 659 4172 cogitet.
714 4092 778 4155 Vos
803 4080 898 4175 rogo,
928 4104 962 4158 ut
994 4082 1110 4158 iterum
1132 4084 1220 4156 ¹mibi
1252 4099 1449 4158 voluntatem

213 4197 369 4276 Principis
394 4197 590 4276 significetis.
627 4191 739 4259 Valete
763 4207 795 4259 et
817 4201 977 4277 ignoscite
1000 4201 1080 4264 mihi
1103 4180 1201 4262 toties
1228 4201 1267 4262 ad
1290 4219 1347 4262 vos
1374 4201 1448 4260 scri·

213 4303 308 4364 beuti.
354 4304 454 4364 Datae
478 4302 576 4362 lenae
599 4302 652 4361 die
675 4303 784 4364 Martis
809 4312 881 4380 post
906 4291 1114 4368 Nativitatem*
1135 4305 1165 4363 B.
1190 4304 1319 4366 Mariae.

1143 4409 1319 4486 Philippus.

730 4508 959 4522 --Δαιιη-ιι-αι--υιιιιιιὺιιιῚ

212 4574 419 4592 must—-

297 4649 326 4712 1)
349 4647 527 4712 Hieronymus
546 4646 659 4698 Schurli.
