3116 5212
228 361 294 439 ste
807 377 990 434 aramum.

231 538 315 603 enirn
350 543 384 598 et
406 541 534 600 veteres
567 538 619 603 usi
642 543 715 600 sunt
743 537 841 598 verbo
866 551 949 598 nouo
988 524 1189 614 hannoiae?
1232 533 1270 596 Et
1304 547 1387 608 quae
1420 539 1465 594 est

229 643 310 703 haec
332 639 507 725 (inquient)
531 661 614 706 nova
636 639 802 718 Tyrannis,
838 637 923 714 quod
957 637 1116 730 perillus
1156 653 1217 700 non
1241 637 1339 700 liceat
1375 636 1465 698 nobis

229 745 313 804 bona
335 750 366 806 et
388 745 443 820 pia
465 745 626 806 sententia
648 745 765 814 dicere,
782 760 840 804 nos
864 741 916 802 vel
941 739 1110 800 essentiali
1133 741 1182 800 vel
1209 737 1400 802 accidentali
1423 737 1466 798 iu-

231 845 362 908 stificari
384 843 533 908 iustitia?
576 845 747 924 Utrumque
775 843 858 904 enim
891 841 1057 904 damnatis.
1103 839 1219 902 Scribit
1243 839 1372 918 quidem
1395 843 1466 902 Au-

231 947 442 1028 gustinus,
476 950 569 1011 nobis
605 968 666 1012 non
706 955 741 1008 ut
764 945 967 1025 philosophis
989 945 1182 1022 loquendum
1217 945 1327 1008 liberis
1350 943 1467 1015 verbis,

231 1054 287 1114 sed
311 1053 350 1114 ad
372 1060 488 1114 certam
510 1054 671 1130 Regulam.
704 1051 738 1113 Si
769 1057 873 1112 autem
897 1067 960 1110 non
982 1047 1074 1111 aliter
1097 1045 1287 1124 praesertim
1311 1047 1343 1107 in
1368 1047 1468 1108 eccle-

230 1155 280 1216 sia
302 1157 525 1234 epudvulgum
549 1145 766 1232 quamPaulus
790 1153 942 1232 loquaris,
966 1167 1025 1214 nec
1049 1149 1244 1230 explicueris
1269 1149 1469 1212 hebraismus

233 1257 313 1328 eius,
349 1258 433 1320 haud
455 1257 534 1328 scio,
570 1265 685 1336 quanto
709 1257 812 1317 fructu
844 1255 890 1315 sis
914 1254 1072 1315 docturus.
1118 1254 1157 1314 Et
1191 1254 1273 1314 alius
1306 1255 1470 1336 quisquam

232 1359 331 1421 dicit:
368 1361 416 1422 De
440 1361 654 1440 intelligentia
677 1359 834 1432 haeresis,
858 1376 919 1419 non
943 1358 983 1420 dc
1005 1358 1171 1434 scriptura,
1195 1363 1226 1417 et
1250 1374 1378 1429 sensus,
1411 1376 1469 1418 non

233 1479 335 1525 serino
359 1466 394 1526 fit
417 1466 544 1527 crimen.
1357 1453 1360 1462 λ

318 1602 450 1664 Accedit
474 1607 507 1663 at
528 1603 619 1674 illud,
634 1601 718 1679 quod
737 1617 807 1663 cum
830 1599 920 1662 multi
943 1599 1007 1663 sint
1028 1599 1091 1662 hoc
1106 1602 1247 1676 ternpore
1269 1597 1369 1662 etiem
1384 1597 1470 1661 vinter

233 1711 357 1770 nostros
381 1703 562 1792 φιλόνεικοι
600 1713 631 1768 et
669 1705 819 1767 liberales
848 1702 1015 1765 admodum
1053 1719 1179 1766 suorum
1201 1697 1472 1786 ἅναθεμαιισμῶν

235 1807 486 1884 dispensatores,
522 1810 646 1873 dabitur
682 1807 731 1872 eis
769 1805 893 1869 occasio
923 1807 1075 1870 adversus
1099 1807 1245 1884 Collegas
1268 1825 1356 1878 suos,
1397 1823 1471 1884 quos

232 1927 404 1988 oppressos
428 1914 567 1991 cupiunt,
591 1912 675 1976 uisi
698 1913 779 1974 torte
802 1909 845 1974 iis
867 1911 919 1971 vel
944 1911 1129 1972 vocabulum
1152 1908 1192 1971 de
1214 1909 1342 1972 lustitia
1366 1927 1470 1972 essen-

231 2011 303 2075 tiali
326 2017 460 2089 excidet,
484 2015 628 2081 conaturi
650 2017 714 2077 sint
736 2015 939 2077 Authoritate
963 2015 1058 2076 huius
1082 2014 1358 2078 condemnationis
1385 2017 1471 2094 ipsos

233 2118 286 2178 vel
310 2119 347 2180 ad
372 2123 528 2198 publicam
553 2117 748 2196 palinodiam
771 2117 905 2198 adigere
929 2125 961 2178 et
984 2134 1042 2193 per
1065 2117 1203 2180 omnium
1227 2137 1282 2181 ora
1305 2119 1472 2180 traducere

233 2223 285 2286 vel
307 2221 339 2283 in
363 2223 492 2286 exilium
516 2224 693 2286 extrudere.
738 2224 850 2299 ltaque
873 2222 1042 2284 curandum
1066 2225 1135 2296 erit,
1172 2240 1211 2284 ne
1245 2224 1319 2284 dum
1343 2224 1472 2284 alteram

233 2332 352 2404 partem
368 2329 550 2400 refutamus,
573 2329 667 2391 alteri
691 2327 784 2390 nimis
808 2327 1028 2404 indulgeamus
1053 2335 1084 2387 et
1108 2344 1177 2388 eam
1200 2325 1395 2389 ferociorem
1409 2327 1472 2388 red-

236 2429 353 2490 damus.
398 2431 499 2503 Quare
523 2433 640 2513 cogito,
664 2433 693 2492 si
715 2432 877 2510 posterior
900 2431 997 2490 huius
1021 2430 1133 2506 scripti
1155 2451 1238 2510 pars,
1273 2431 1306 2492 in
1332 2449 1398 2506 qua
1421 2429 1473 2491 ali·

234 2538 311 2608 quot
334 2532 488 2596 formulae
511 2534 661 2616 loquendi
691 2533 881 2612 simpliciter
904 2533 1159 2604 condemnantur,
1190 2536 1241 2594 vel
1273 2534 1473 2595 omitteretur
1544 2503 1545 2575 i

158 2629 161 2638 ‘
235 2636 285 2693 vel
307 2649 370 2696 urio
394 2643 513 2697 tantum
548 2644 580 2700 et
613 2639 713 2699 altero
737 2638 834 2698 verbo
874 2637 905 2696 in
927 2635 1159 2712 propositione,
1194 2652 1275 2714 quae
1308 2635 1473 2715 praecedit

234 2737 504 2800 enumerationem
527 2739 740 2814 articulorum,
764 2740 906 2802 adhunc
928 2739 997 2800 fere
1020 2739 1145 2800 modum
1166 2740 1383 2818 mitigaretur:
1407 2739 1472 2804 Der·

233 2842 329 2916 tribea
358 2844 438 2920 lutra
467 2845 530 2920 tiela
554 2846 645 2908 detta
675 2863 712 2909 on
741 2846 798 2909 unt
825 2843 904 2910 ulta
926 2846 974 2908 bau
997 2845 1156 2922 otgcmettau
1178 2845 1287 2922 ceddi,
1317 2845 1473 2924 nutritorio

234 2946 289 3008 aab
312 2947 448 3028 anana
478 2949 513 3010 tra
537 2947 673 3028 ilretipar
693 2951 749 3013 aab
773 2945 870 3026 detrec
892 2952 955 3026 aad
978 2949 1045 3026 tout
1065 2949 1135 3026 altpt
1157 2949 1296 3028 patrarant
1318 2952 1434 3012 actoru.

320 3083 396 3148 Dixi
420 3101 521 3148 ineam
538 3087 738 3156 sententiam,
762 3083 844 3146 sicut
867 3084 1005 3157 iussisti,
1029 3086 1149 3146 libere
1187 3087 1286 3152 Tuum
1309 3101 1393 3148 nunc
1417 3082 1473 3146 erit

234 3187 275 3246 de
298 3204 336 3248 ca
358 3204 415 3263 pro
441 3189 542 3250 veteri
564 3187 825 3252 nostraamicitie
848 3189 981 3251 candide
1006 3189 1158 3251 iudicare.
1195 3189 1273 3250 Volo
1299 3187 1397 3260 euim,
1422 3193 1471 3250 tuo

234 3288 351 3351 iudicio
375 3299 428 3352 aut
452 3298 514 3352 stet
538 3300 590 3355 aut
613 3294 712 3354 cadat.
756 3293 824 3370 Ego
848 3291 932 3368 quod
956 3291 995 3352 ad
1018 3307 1069 3352 me
1093 3292 1218 3362 attinet,
1242 3307 1375 3368 pergam
1398 3289 1472 3352 divi·

234 3409 275 3454 na
297 3394 466 3457 clementia
488 3396 622 3468 adiutus,
655 3414 716 3457 non
740 3397 844 3458 solum
877 3394 1043 3456 veritatem
1068 3394 1140 3455 eius
1164 3393 1345 3466 doctrinae,
1384 3409 1472 3472 quam
1542 3467 1543 3490 Χ

237 3493 400 3557 continent
430 3505 558 3561 nostrae
582 3499 814 3570 confessiones,
837 3495 948 3573 sequi,
983 3497 1212 3560 verumetiam
1240 3497 1392 3559 usitatam
1415 3497 1472 3557 lor·
1542 3493 1543 3553 l

234 3616 316 3661 mam
339 3600 476 3663 docendi
499 3603 649 3664 retinere.
695 3601 757 3664 Nec
780 3609 884 3665 tamen
922 3602 1101 3663 damnarem
1133 3600 1221 3676 pium
1250 3607 1281 3662 ct
1304 3602 1472 3661 honestum

234 3700 348 3774 virum,
371 3701 426 3779 qui
448 3704 531 3765 forte
555 3705 706 3769 inusitata
728 3705 880 3783 loquendi
903 3706 1012 3776 lorma,
1036 3705 1094 3766 sed
1116 3704 1239 3766 diserta
1260 3702 1471 3777 explicatione

235 3813 269 3868 et
291 3807 346 3882 pia
368 3807 529 3868 sententia
550 3814 701 3870 uteretur.
746 3811 833 3872 Bene
867 3826 904 3873 ac
935 3807 1097 3872 foeliciter
1132 3809 1216 3879 vele,
1252 3804 1470 3884 studtgardiae

236 3909 289 3970 die
317 3911 365 3974 15.
389 3910 515 3978 octobr.
539 3912 628 3974 Anno
652 3911 771 3974 MDLV.

1036 4030 1082 4092 lo.
1105 4026 1263 4092 Brentius.

238 4634 324 4698 571⁵.
347 4637 402 4692 No.
419 4631 532 4693 adoll.
577 4631 752 4718 (votvm.
777 4657 803 4712 p.
820 4633 907 4720 8³5.)
1256 4633 1282 4692 1.
1297 4635 1374 4709 Sept.
1386 4631 1467 4692 loto.
1539 4625 1540 4628 ¹

341 4717 514 4746 Μ
1266 4717 1458 4744 Μ
