3102 5202
453 345 701 396 surrrcuuunun
721 347 805 400 anni
824 349 969 402 luceam.
1243 336 1306 408 eal

85 516 150 582 plcr-
173 513 205 564 le
229 501 363 579 diligere
387 499 468 578 cepi,
493 518 529 560 ac
553 502 581 562 si
605 518 694 575 qrrarn
718 503 907 568 habebimus
931 521 994 578 rem
1020 509 1118 582 publ,
1157 507 1263 572 officia
1287 509 1316 572 cl

83 626 152 670 mea
179 627 240 668 non
265 607 408 666 deiulura
432 612 511 664 sunl.
558 605 650 664 Vides
673 612 788 676 aulem,
820 615 966 682 qricrnlum
989 611 1105 674 bellurn
1139 612 1171 672 in
1194 612 1246 672 llis
1269 627 1316 674 re

82 713 228 790 gicnibus
253 709 337 770 inler
359 711 512 785 cognatos
539 707 703 778 exarseril,
741 711 822 784 quod
859 720 893 771 nl
922 713 1001 774 deus
1025 712 1208 792 reslingual,
1248 732 1318 776 ore·

84 833 159 876 mus.
193 817 326 890 Semper
348 810 477 888 speravi
501 817 531 870 cl
554 811 656 870 adhuc
677 829 770 888 spero
795 812 901 873 exilus
926 832 987 876 nou
1011 821 1110 877 lelros
1133 816 1218 888 belli,
1235 819 1317 894 quod

82 918 200 995 geritur
228 934 310 978 nunc
348 915 387 976 ad
410 913 597 975 Danubium.
643 914 704 974 Sed
743 915 805 975 lroc
827 918 924 978 civile
946 918 1126 981 incendium
1162 922 1194 980 in
1218 919 1320 998 lll‘psia

84 1023 184 1099 inagis
195 1028 313 1082 meluo.
336 1020 461 1079 lnlerea
474 1025 576 1078 lamen
594 1017 844 1080 deusEcclcsiae
859 1021 1019 1099 reliquias,
1030 1022 1161 1101 exiguas
1172 1025 1319 1094 fortasse,

83 1127 139 1186 sed
167 1133 269 1185 lamen
294 1123 415 1198 aliquas
439 1119 588 1182 servabit,
637 1121 673 1181 El
712 1121 742 1182 in
767 1122 818 1183 lris
842 1123 988 1202 reliquiis
1012 1134 1102 1186 erunl
1132 1126 1228 1188 liberi
1250 1127 1319 1204 pic-

89 1247 168 1298 rum,
189 1235 261 1288 luus
285 1224 372 1286 lilius
396 1230 429 1284 el
452 1222 589 1284 similes.
611 1225 684 1300 quia
710 1224 858 1300 scriplum
883 1235 947 1288 csl:
972 1228 1142 1294 Generalio
1165 1237 1320 1292 rectorum

85 1331 300 1392 benedicetur.
346 1327 386 1387 El
411 1327 538 1403 qrridem
562 1343 657 1403 spero
680 1325 737 1388 lllil
775 1327 990 1392 condilionem
1016 1331 1178 1394 Ecclesiae
1216 1336 1320 1394 lumen

85 1439 165 1505 lore,
188 1435 271 1510 quod
303 1439 337 1491 ul
361 1431 426 1500 liul,
450 1430 547 1490 faciel
569 1429 648 1490 deus
672 1437 833 1502 celerans,
857 1437 946 1510 paler
969 1433 1091 1496 domini
1114 1434 1212 1496 nostri
1246 1435 1320 1496 lesu

85 1537 203 1599 Christi
229 1535 283 1612 qni
306 1542 410 1596 servat
431 1550 539 1594 semen
565 1542 705 1595 sanclmn
731 1533 761 1593 in
783 1535 939 1607 Ecclesia,
963 1554 1004 1598 ne
1027 1554 1129 1616 genus
1152 1539 1320 1600 huruauum

85 1642 266 1701 universum
291 1643 411 1715 pereul.
456 1637 544 1696 Bene
570 1637 722 1698 valedio
746 1639 773 1698 8.
797 1639 992 1700 Novembris.
1227 1633 1230 1641 ’

811 1793 978 1874 philippus
1001 1785 1197 1860 Melanthum

1193 2273 1320 2298 M

375 2331 507 2402 Eidem
533 2334 685 2426 oenrplo
710 2336 884 2405 ornacula
908 2339 1060 2408 seniori.

199 2502 268 2553 l'idc
287 2501 480 2570 prolegomena
499 2501 690 2567 praecellentis
709 2503 851 2570 epislclac.

98 2689 297 2754 Venerando
316 2697 387 2751 nr'ro
411 2690 596 2751 crmlr'te'onc
620 2703 651 2750 et
670 2695 795 2754 virtute
813 2701 1009 2776 praestanti
1024 2691 1166 2757 Domino
1182 2687 1327 2774 Georgia

203 2793 338 2854 Crocum
362 2792 495 2854 docento
514 2789 740 2874 Enoag·elrmn
763 2801 797 2857 iu
822 2795 972 2860 Ecclesia
996 2797 1054 2860 dci
1083 2804 1116 2859 io
1139 2796 1221 2860 arr-be
1338 2793 1341 2798 ’

530 2895 670 2968 Slctino,
692 2904 797 2958 urrrico
819 2921 888 2960 arro.

205 3054 235 3114 S.
264 3055 301 3114 Ι).
346 3053 494 3113 Omnibus
518 3052 677 3114 uelalibus
715 3053 812 3116 exilia
840 3055 1008 3116 Ecclesiae
1041 3057 1159 3118 usilala
1192 3058 1328 3130 luerunt,

96 3165 225 3235 propter
246 3157 304 3218 has
328 3171 439 3218 causas
462 3155 646 3234 praecipue,
668 3162 703 3217 ul
725 3159 959 3234 admoneamur,
987 3177 1045 3219 nos
1068 3159 1328 3222 amisisseueram

95 3262 240 3338 palriaru,
263 3261 302 3320 ad
327 3277 419 3336 quum
443 3257 563 3319 condili
586 3275 702 3330 sumus,
738 3267 768 3320 el
792 3260 908 3320 deinde
936 3277 995 3338 per
1016 3261 1112 3321 filium
1136 3262 1190 3322 dei
1224 3263 1329 3325 nobis-

96 3383 165 3425 cum
189 3364 380 3432 exulaulem,
405 3361 437 3422 in
461 3379 530 3422 eum
552 3362 685 3436 panium
710 3363 857 3424 reductos
881 3380 963 3425 esse.
1000 3365 1147 3426 Feramus
1171 3363 1267 3442 igilur
1285 3381 1329 3442 u-

96 3467 222 3529 silalam
255 3465 421 3527 Ecclesiae
458 3464 668 3527 culumilalem
707 3467 917 3528 mediocriter.
972 3466 1033 3527 Sed
1068 3467 1328 3530 scholaslicarurn

97 3589 193 3633 causa
216 3571 327 3648 arogis,
351 3585 442 3645 quam
465 3585 536 3629 mea
559 3585 652 3629 causa
675 3570 782 3641 doleo,
807 3586 939 3646 quorum
955 3570 1060 3632 sludia
1084 3569 1331 3632 inlcrlurbanlur

97 3674 148 3734 lris
170 3671 443 3749 dissipationibus.
488 3672 568 3732 Filio
606 3671 680 3732 dedi
716 3673 900 3752 consilium,
933 3681 967 3734 ul
1002 3675 1061 3733 lruc
1084 3673 1192 3734 hieme
1225 3680 1330 3733 lecum

97 3783 232 3854 maneal,
247 3775 337 3836 cuius
352 3774 613 3836 consuetudinem
637 3780 668 3834 el
692 3791 854 3836 sermones
870 3775 1027 3853 voluplali
1050 3775 1108 3836 libi
1132 3777 1199 3836 lore
1236 3793 1331 3853 spero

99 3878 218 3956 llbique
242 3897 313 3940 cum
337 3877 529 3938 commendo.
575 3877 609 3938 Si
634 3893 724 3952 quam
749 3878 827 3938 deus
852 3875 965 3938 ilerum
987 3875 1079 3939 nobis
1104 3875 1211 3937 sedern
1235 3860 1332 3948 dabil,

97 3984 152 4043 ubi
176 3981 328 4060 prodesse
351 3981 419 4042 filio
434 3987 487 4040 luo
510 3980 697 4054 polerimus,
721 3998 783 4040 non
807 3981 947 4042 defuturi
971 3999 1077 4042 sumus
1101 3980 1141 4042 ei.
1175 3981 1214 4041 El
1237 3997 1332 4057 spero

101 4103 169 4146 cum
194 4086 254 4146 dcc
279 4101 371 4153 curae
395 4085 475 4155 lore,
511 4082 566 4160 qui
600 4083 739 4144 servabit
774 4082 879 4162 aliqua
902 4086 982 4150 hona
1006 4081 1134 4162 iugenio
1156 4083 1332 4153 Ecclesiae,

99 4197 131 4248 nl
154 4187 239 4262 apud
261 4184 417 4270 Esaiam¹)
441 4185 581 4246 dicilur:
610 4185 677 4245 llisi
698 4186 780 4246 deus
802 4185 988 4261 reliquissel
1010 4186 1103 4246 nobis
1126 4201 1247 4257 semen,
1271 4186 1332 4247 sic·

100 4298 131 4350 nl
166 4289 302 4352 Sadame
324 4290 399 4350 lucli
423 4305 581 4351 essemus.
625 4291 755 4348 Oremus
780 4293 886 4350 aulem
908 4290 1012 4360 deunr,
1036 4297 1070 4350 ul
1094 4296 1202 4378 servel
1225 4305 1332 4350 semen

204 4563 235 4635 1)
259 4567 363 4620 Insulas
381 4562 405 4629 I,
423 4569 449 4620 9.

136 4749 232 4818 duppin.
251 4747 370 4789 llelnnelrln
