3120 5206
472 305 717 360 surrususnra
744 305 827 358 ianr
848 306 921 360 iser.
1088 321 1091 326 ·
1276 283 1321 354 td

94 463 210 541 quidam
238 463 453 528 insectantur:
489 463 528 526 si.
547 481 614 526 rem
645 471 847 543 spectarent,
877 462 1028 524 uiderent
1055 479 1113 524 uos
1144 482 1162 524 a
1192 467 1318 539 purten

93 567 217 630 tissimis
246 557 439 644 quibusdam
468 566 626 646 dogmatis
657 570 847 630 abhorrere:
881 567 956 628 dum
989 566 1074 628 alius
1105 569 1237 626 verbum
1265 567 1318 626 vel

94 687 196 748 panem
218 669 413 732 substantiat
435 670 467 730 in
481 671 600 740 Deum,
623 669 707 734 alius
725 669 845 732 christi
863 688 983 748 corpus
1001 669 1123 744 ubique
1138 685 1212 730 esse
1229 667 1318 739 fecit,

94 782 120 833 et
139 773 181 832 ita
203 773 392 850 spirituale,
415 783 449 834 ut
472 775 556 834 ultra
580 794 637 850 pro
661 776 764 835 fratre
785 773 877 834 illum
892 775 1012 834 babere
1027 791 1090 834 non
1107 771 1319 850 potuerimus,

94 873 167 936 alius
188 875 391 936 manifestam
415 876 632 938 idololatriam
656 878 760 938 docet.
799 876 831 936 In
856 878 917 936 hoc
941 891 1096 953 peccasse
1111 875 1318 944 traducimur,

94 981 166 1056 quod
189 998 304 1058 panem
327 983 461 1060 figuram
486 979 631 1059 corporis
660 980 781 1042 Christi
811 979 971 1040 diximus:
999 980 1088 1054 quod
1120 979 1202 1040 nihil
1232 978 1320 1040 aliud

94 1091 165 1153 erat,
188 1101 282 1160 quam
305 1091 538 1146 sacramentum
562 1083 708 1161 corporis
733 1081 862 1144 Christi.
916 1082 953 1143 Et
977 1081 1026 1144 sic
1057 1081 1186 1158 quidam
1209 1081 1318 1144 Eccle-

93 1186 206 1248 siastici
233 1187 336 1250 locuti
365 1189 502 1249 fuerunt.
538 1189 623 1264 quod
657 1207 715 1249 nos
748 1185 952 1248 Schuermeri
983 1184 1161 1246 Saxonibus
1198 1205 1319 1257 sumus,

21 1373 22 1376 Ἴ
91 1289 159 1350 licet
186 1293 237 1367 τῆς
265 1294 403 1366 πίστεως
430 1283 585 1376 ἀναλογία
614 1290 706 1375 nobis
732 1289 941 1366 suffragetur,
972 1287 1191 1360 hebraismus,
1223 1288 1319 1360 actio,

93 1391 337 1465 circumstantia,
372 1402 404 1455 et
434 1395 516 1456 nibil
540 1414 618 1456 non:
653 1385 698 1454 ut'
718 1391 791 1453 ausi
821 1391 978 1466 fuerimus
1009 1390 1137 1461 dicere,
1173 1392 1238 1454 Hoc
1270 1400 1319 1454 est

92 1515 195 1574 corpus
217 1515 341 1569 meum,
373 1505 606 1560 sacramentam
630 1499 682 1558 vel
705 1499 808 1576 figura
837 1493 983 1574 corporis
1014 1494 1090 1556 mei.
1121 1495 1232 1582 'Atqui
1257 1515 1319 1556 non

91 1597 250 1676 disputabo
275 1620 376 1672 nuuc,
399 1602 455 1666 sed
479 1602 654 1662 admonebo
678 1609 729 1671 te,
756 1607 791 1660 ut
807 1598 928 1660 videas
945 1597 1096 1674 quidnam
1109 1606 1321 1662 monstrorum

92 1703 255 1777 parturiat,
287 1705 351 1766 ima
382 1705 457 1780 quid
487 1704 636 1766 stabilire
663 1703 775 1782 cupiat
804 1702 949 1766 mundus.
1005 1702 1083 1780 Legi
1108 1703 1264 1778 quaedam
1286 1701 1318 1764 in

92 1806 285 1868 confessione
310 1808 459 1878 Lutheri,
491 1825 573 1884 quae
590 1825 694 1869 amea
717 1805 878 1868 sententia
897 1821 965 1866 ¹uon
988 1805 1155 1867 abludunt:
1179 1807 1237 1866 sed
1253 1804 1320 1868 alia

92 1909 133 1983 dig
153 1905 202 1972 διὰ
225 1905 346 1974 πασῶν.
391 1911 430 1972 Et
453 1911 510 1970 ille
533 1927 594 1971 non
619 1910 759 1988 amplius
785 1917 958 1986 expectare
983 1909 1058 1968 vult.
1101 1907 1189 1970 Nihil
1210 1899 1354 1970 tamen'

92 1995 224 2088 optatius
251 2016 354 2084 foret,
384 2029 478 2090 quam
509 2013 607 2075 silnul
636 2029 716 2090 pure
747 2011 885 2082 sentire,
921 2019 963 2071 et·
981 2030 1045 2072 uno
1075 2027 1131 2072 ore
1160 2012 1321 2076 Christum

21 2141 23 2194 r
92 2117 279 2190 praedicare.
332 2116 461 2179 Siccine
484 2115 603 2178 nostris
629 2113 782 2179 convitiis
813 2130 983 2191 pascemus
1010 2122 1168 2192 perpetuo
1192 2124 1319 2192 sanctas

21 2205 22 2238 ³
93 2219 239 2282 ecclesias
277 2217 422 2288 Christi?
477 2220 657 2282 affectuum
691 2216 848 2294 reliquias
888 2215 993 2278 literis
1030 2236 1090 2284 oon
1125 2220 1319 2285 commendo.

90 2321 145 2382 fac
166 2323 284 2394 sciam,¹
306 2341 343 2384 an
368 2322 493 2399 aliquid
515 2323 588 2400 spei
612 2323 655 2384 sit
678 2321 806 2393 isthinc.
844 2319 940 2390 Nobis
964 2319 1050 2383 enim
1071 2320 1175 2384 adbuc
1193 2303 1319 2400 integre

93 2423 349 2496 chrismetandi,
374 2426 429 2503 qui
453 2427 526 2488 eius
549 2426 699 2504 spiritum
722 2425 868 2501 sapiunt,
893 2424 1139 2499 haudquaquam
1158 2443 1216 2486 nos
1239 2425 1318 2488 abii-

92 2526 184 2588 cient:
220 2537 338 2606 <quanto
367 2530 474 2592 minus
504 2538 608 2592 tantas
641 2525 825 2592 ecclesias?
880 2527 1029 2603 Nunquid
1058 2527 1166 2590 verbis
1197 2529 1320 2592 curiam

90 2633 222 2696 Drances
246 2631 438 2712 replebunt?
489 2631 576 2694 Fieri
599 2640 725 2710 potest,
760 2634 811 2696 vel
835 2634 974 2696 Lutbero
997 2647 1210 2710 responsurus
1233 2652 1320 2696 sum:

92 2735 117 2794 si
129 2755 186 2798 non
203 2754 281 2816 ego,
306 2745 393 2798 certe
409 2735 644 2814 zuinglius:
671 2735 820 2812 equidem
842 2734 962 2796 tardior
979 2754 1058 2796 sum.
1091 2735 1319 2814 antagonistas

44 2915 47 2920 Ι
93 2839 201 2900 Christi
224 2839 422 2904 annuntiares
446 2841 578 2910 uellem,
602 2847 636 2903 ut
661 2838 736 2900 inde
757 2840 796 2902 ad
811 2841 950 2904 lectores
965 2841 1039 2916 plus
1057 2839 1209 2902 utilitatis
1226 2857 1321 2916 quarn

93 2943 295 3006 conuitiorum
319 2943 447 3004 rediret.
482 2945 529 3004 De
553 2943 627 3008 aliis
652 2947 746 3006 rebus
770 2943 852 3006 meis
875 2961 936 3004 non
955 2944 1088 3008 multum
1106 2945 1204 3004 refert
1224 2943 1317 3007 scire

92 3046 216 3108 Coelebs
240 3063 313 3108 esse
337 3045 440 3116 desii,
453 3045 495 3117 ,si
517 3046 665 3110 fortassis
690 3046 812 3117 velsic
825 3045 1041 3123 hypocriseos
1057 3047 1177 3112 crimen
1193 3064 1319 3122 exuram.

91 3147 191 3222 licque
221 3149 309 3212 euim
337 3165 394 3216 me.
418 3167 557 3224 unquam
587 3167 644 3225 pro
676 3150 821 3212 sanctulo
847 3147 1028 3228 venditari,
1053 3149 1118 3212 nisi
1141 3153 1321 3216 sanctulum

93 3259 196 3312 vocent
221 3250 535 3316 somniculosiorem.
591 3254 630 3312 At
652 3269 796 3312 somnum
825 3252 953 3312 tandem
981 3251 1154 3314 excutient.
1179 3289 1182 3296 ·
1209 3251 1321 3316 Omnia

92 3355 165 3414 bona
184 3354 243 3419 tibi
267 3371 400 3432 precor,
419 3362 520 3430 atque
544 3354 643 3421 etiam
667 3355 720 3417 his
735 3354 863 3441 quinos
877 3354 1016 3419 maxime
1031 3356 1188 3432 decimant.
1222 3360 1319 3432 Obso-

92 3473 182 3530 paeus
212 3458 355 3522 scribere
386 3458 504 3530 uoluit,
545 3475 628 3534 <qnae
658 3459 888 3534 Pyrekemerus
923 3457 1060 3525 libenter
1090 3459 1179 3536 legit.
1233 3460 1321 3522 Nibil

90 3558 277 3622 bluntzerani
307 3560 556 3640 spiritussciat
585 3561 617 3622 in
652 3561 981 3638 Oecalampadio.
1008 3564 1067 3633 ,At
1095 3561 1173 3629 licet
1201 3565 1264 3625 boc
1287 3545 1329 3624 ei‘

91 3681 153 3722 cum
181 3661 330 3737 caeteris.
385 3664 679 3730 Dominus-servet
714 3663 774 3726 tibi
804 3663 1019 3736 innocentiam
1048 3671 1150 3734 trima:
1186 3667 1239 3726 cai
1269 3678 1321 3735 me

92 3766 281 3828 commenda,
320 3766 418 3836 Vale,
441 3765 607 3836 Basileae,
632 3768 681 3828 21.
708 3766 794 3832 Maii.
839 3767 932 3836 Anno
956 3767 1045 3831 1526.
1134 3789 1138 3796 ·

599 3889 804 3903 ——n-q—u—-
833 3909 836 3916 a

92 3936 132 3995 aa
184 3935 344 4018 uomit
394 3935 512 4020 (vora.
536 3963 562 4016 p.
579 3937 690 4021 siat·
748 3929 750 3936 '
1194 3897 1321 4024 '(00t·l

182 4024 355 4050 m
1237 4033 1320 4056 w

508 4078 670 4149 Thorace
703 4081 897 4150 Biaurero.

132 4171 233 4249 Huius
259 4193 395 4260 epistolae
420 4191 604 4258 fragmentum
629 4194 716 4245 edidit
735 4195 871 4245 Keimias
889 4171 937 4246 tl.
962 4211 989 4259 p.
1003 4191 1061 4250 289.
1082 4177 1179 4251 liat,
1209 4193 1321 4262 Inte‘gra

184 4279 303 4345 epistola
324 4295 339 4328 a
358 4293 400 4327 me
420 4278 565 4331 exhibetur
584 4278 633 4333 No.
654 4281 697 4337 37,
761 4349 763 4354 Ι
806 4338 810 4350 ,
874 4318 879 4327 .

122 4379 358 4464 Fragmentum
381 4384 544 4472 epistolae
567 4357 793 4444 Melanttoaa
816 4383 863 4443 ad
888 4379 1047 4444 Thamara
1068 4380 1287 4447 Blascorum.

165 4485 231 4549 Non
255 4465 450 4549 tarn'r'reu'm
473 4485 613 4548 aularum
636 4487 779 4550 afficiunt
802 4485 949 4562 privatae
973 4503 1024 4559 res
1035 4533 1047 4570 ,Α
1073 4505 1167 4564 quarn
1191 4481 1321 4566 publica

21 4611 23 4682 ἰ
94 4587 246 4656 dissensio
268 4589 567 4662 curura-‚aquiuni
592 4589 830 4668 patrocinantur
855 4589 1034 4668 euangelio.
1091 4590 1218 4653 lltiuarn
1247 4599 1320 4652 ante
