3072 5208
169 291 234 362 iet
258 313 261 343 ¹
572 312 818 368 snrrnnnnnm
837 315 919 368 auur
939 319 1014 372 raas.

170 463 325 546 Egregia
341 466 530 528 eruditione
545 479 578 528 et
590 473 720 549 pietate
730 471 891 552 praedito
905 469 1053 535 Iohanni
1064 472 1108 535 ab
1127 473 1237 553 illac,
1258 473 1425 560 Scapha-

167 573 279 643 siano,
302 568 435 631 docenti
454 566 684 650 Eaaagciiam
706 579 741 635 ia
762 571 916 636 Ecclesia
938 573 1186 651 laureacensi,
1212 584 1319 642 amico
1343 600 1423 641 seeo.

254 692 284 752 S.
308 693 343 752 D.
378 690 491 752 Statim
520 694 576 763 ubi
607 697 779 754 Lorensem
809 695 1048 758 adolescentem
1077 699 1233 770 audietis,
1263 701 1423 762 dehorta-

168 793 251 856 bilur
275 813 332 855 vos
356 791 528 876 τραυλότης
551 795 681 873 linguae
706 797 826 873 ipsius,
849 816 889 860 ne
910 799 942 858 ei
959 818 1071 860 munus
1096 801 1308 863 concionandi
1325 822 1421 864 man-

168 898 260 958 detis.
313 897 452 959 Adiunxi
482 897 581 974 igitur
614 899 831 974 proficiscenti
860 901 898 962 ad
926 919 980 962 cos
1010 901 1123 974 alium,
1154 903 1278 965 Petrum
1308 905 1424 966 Eubu-

168 1000 249 1070 lum,
273 998 457 1077 Sigensem',
486 1007 594 1061 uatum
617 1001 649 1062 in
674 1002 831 1065 Comitatu
855 1003 1027 1075 Nassaico,
1064 1008 1242 1068 modestum
1266 1015 1300 1068 et
1326 1007 1426 1086 pium

168 1102 347 1172 hominem,
380 1109 411 1163 et
443 1104 546 1163 literis
580 1106 660 1164 bene
692 1107 859 1166 excultum.
914 1107 990 1168 Nam
1021 1109 1051 1168 in
1075 1108 1249 1170 Academia
1271 1109 1426 1188 Marpur-

169 1203 262 1282 gensi
295 1205 491 1282 consumpsit
520 1205 700 1266 triennium.
758 1207 821 1268 Nos
851 1209 913 1270 iam
944 1211 1082 1287 amplius
1113 1229 1195 1273 anno
1225 1213 1325 1275 audit.
1384 1215 1427 1276 Et

168 1315 222 1368 tua
245 1307 476 1370 consuetudine
500 1306 646 1384 quotidie
669 1311 824 1387 proficiet.
860 1313 1053 1390 Morigerum
1076 1321 1163 1374 certe
1185 1322 1217 1375 et
1233 1316 1425 1378 communis

169 1409 365 1472 Concordiae
389 1410 565 1472 studiosum
590 1428 626 1472 se
649 1413 718 1474 iore
742 1414 929 1489 pollicetur,
965 1423 997 1474 et
1026 1432 1086 1494 ego
1118 1423 1229 1478 natura
1251 1418 1425 1494 placidum

169 1522 200 1574 et
235 1523 392 1576 amantem
427 1515 668 1595 tranquillitatis
702 1532 775 1576 esse
804 1517 957 1595 comperi.
1014 1517 1117 1588 Quare
1146 1521 1181 1581 ut
1212 1523 1242 1581 e'i
1273 1521 1427 1583 Diaconi

167 1635 280 1679 munus
312 1617 513 1678 commendes
542 1618 586 1676 Tc
617 1619 712 1678 eliam
743 1627 838 1695 atque
872 1623 980 1682 etiam,
999 1640 1065 1683 oro.
1110 1623 1199 1683 Bene
1222 1624 1305 1684 vale.
1354 1625 1427 1686 Die

168 1719 301 1780 illumi
324 1735 405 1780 anno
431 1720 521 1780 1544.

897 1823 1067 1901 Philippus
1090 1825 1282 1887 Melanthon.

684 1942 890 1955 Q

171 2016 243 2076 ecl.
276 2009 455 2074 hoiensi.
502 2009 578 2095 (Vel.
596 2015 632 2070 V.
655 2035 681 2088 p.
698 2009 783 2095 421.)
908 2033 911 2040 ·
1275 2019 1427 2078 tesan.

275 2097 447 2126 ww
1279 2102 1418 2134 M

344 2191 530 2260 Hearicas
555 2189 796 2284 Ballioperaa
822 2189 873 2260 ad
900 2189 1240 2262 Melaocbtltooem.

242 2321 429 2390 Apogrephon
442 2319 522 2370 huius
534 2318 683 2386 epistolae,
704 2335 773 2384 quae
788 2321 924 2372 invenitur
938 2323 964 2372 in
976 2321 1065 2390 Epist.
1087 2323 1116 2379 Τ,
1130 2323 1151 2373 Ι.
1172 2335 1197 2388 p.
1212 2325 1271 2376 ⁶257.
1292 2321 1379 2375 Cast.
1392 2323 1424 2376 0.

275 2411 302 2462 in
315 2405 482 2468 Archssocl.
496 2404 557 2470 lig.
578 2421 627 2471 per
646 2421 735 2457 aman.
756 2405 920 2474 Bullingeri,
940 2410 1033 2474 accepi
1050 2425 1101 2474 per
1121 2407 1159 2460 ct.
1172 2409 1204 2458 V.
1219 2407 1427 2473 Voegeliuum.

495 2519 558 2584 Ad
579 2522 774 2608 Philippum
796 2525 1093 2590 Melanchthcnera.

216 2648 219 2659 “
256 2649 399 2710 ‘Gratiam
424 2653 454 2706 et
477 2645 561 2706 vitae
579 2645 792 2708 innocentiam
811 2666 828 2708 a
844 2649 991 2709 Domino.
1025 2651 1146 2726 Accepi
1164 2649 1273 2708 literas
1289 2653 1370 2708 tuas
1385 2645 1425 2732 ¹),

172 2751 322 2828 Philippo
347 2749 550 2818 doctissime,
576 2747 726 2824 idemque
750 2747 829 2810 mihi
854 2750 1080 2811 colendissirne
1093 2751 1238 2821 Domine,
1264 2755 1295 2808 et
1315 2751 1427 2810 frater

173 2854 355 2923 carissime,
381 2869 419 2912 ex
445 2851 559 2927 quibus
582 2859 668 2911 turim
683 2853 835 2914 iudicium
853 2853 893 2913 de
908 2853 990 2913 meis
1005 2852 1294 2921 lucubrationibus,
1320 2870 1424 2928 prae-

174 2957 282 3017 sertim
308 2953 340 3015 in
356 2951 502 3015 loannem
525 2951 634 3027 nuper
649 2951 762 3022 editis,
787 2954 946 3015 intellexi.
983 2959 1028 3015 Ao
1052 2956 1170 3033 gratias
1196 2937 1256 3031 ago
1273 2952 1424 3014 Domino

173 3067 281 3120 nostro
311 3057 382 3118 Iesu
412 3056 554 3125 Christo,
585 3054 638 3131 qui
669 3073 740 3118 mea
771 3073 868 3131 opera
898 3057 936 3118 ad
967 3057 1099 3135 gloriam
1134 3055 1184 3116 sui
1215 3053 1361 3117 nominis
1391 3065 1425 3116 et

172 3159 335 3221 Ecclesiae
359 3175 437 3219 suae
460 3157 632 3219 utilitatem
654 3161 769 3229 utitur,
794 3161 839 3220 ita
853 3165 960 3220 nostra
982 3167 1164 3236 temperans
1179 3177 1213 3218 ac
1229 3159 1424 3229 moderans,

173 3272 207 3323 ut
232 3281 270 3324 ea
293 3263 404 3337 optimi
428 3279 465 3323 ac
488 3260 667 3322 doctissimi
692 3261 827 3338 quique,
857 3262 939 3322 inter
970 3279 1049 3337 quos
1079 3268 1112 3322 tn
1144 3281 1203 3322 uon
1228 3267 1423 3338 postremas
1501 3279 1506 3292 ·

173 3373 280 3437 tenes,
305 3367 523 3427 commendent
546 3372 641 3440 atque
666 3367 850 3441 approbent.
886 3364 980 3425 Novit
1003 3374 1110 3426 autem
1131 3364 1291 3435 Christus,
1318 3382 1424 3440 quem

174 3468 255 3530 nihil
279 3469 357 3528 latet
381 3476 482 3527 rerum
507 3466 662 3536 omnium,
694 3467 771 3542 qtrid
794 3473 937 3544 spectem
967 3466 1000 3528 in
1024 3467 1104 3528 meis
1128 3465 1423 3528 lucubrationibus.

175 3575 276 3650 Cupio
309 3570 468 3632 illustrare
499 3568 631 3646 pietatis
661 3569 824 3647 negotium
855 3578 885 3632 et
915 3570 1050 3648 gratiam
1082 3569 1169 3632 illam
1198 3567 1374 3630 maximam
1405 3589 1426 3631 a

175 3653 300 3737 Christo
326 3676 417 3736 nobis
441 3671 634 3751 praestitam.
671 3673 769 3748 Cupio
794 3673 930 3733 studium
956 3690 1114 3734 sacrarum
1135 3665 1299 3733 literarum
1318 3673 1425 3734 bonis

176 3785 206 3838 et
230 3780 383 3840 studiosis
408 3777 551 3838 omnibus
577 3776 816 3836 commendare
861 3776 1011 3837 Putantur
1035 3777 1110 3834 illae
1134 3775 1285 3836 barbarae
1311 3782 1343 3834 et
1371 3776 1424 3836 in-

176 3882 298 3952 cultae,
330 3885 451 3941 temere
474 3896 509 3938 ac
533 3877 617 3938 nullo
650 3884 735 3936 certo
761 3878 872 3938 ordine
903 3893 976 3938 esse
1007 3876 1155 3953 scriptae.
1209 3877 1283 3936 ldeo
1320 3879 1425 3939 multi

175 3985 346 4045 abhorrent
370 3985 408 4042 ab
433 3981 489 4040 eis.
525 3979 661 4040 Proinde
684 3979 817 4039 ostendo
843 3980 962 4049 obiter,
994 3979 1207 4056 pulcherrimo
1231 3977 1345 4038 ordine
1364 3997 1425 4042 res

174 4085 467 4162 praestantissimas
491 4083 744 4160 purissinmsque
770 4081 854 4144 inter
877 4099 913 4144 se
938 4085 1112 4143 cohaerere
1137 4087 1167 4138 et
1192 4083 1313 4155 absque
1336 4081 1422 4144 luco

175 4189 258 4251 tradi
281 4189 503 4265 implicissimc
528 4186 772 4262 purissimeque.
809 4185 911 4262 Cupio
936 4187 1066 4259 antiqua
1083 4182 1139 4242 illa
1159 4189 1192 4242 et
1205 4201 1284 4260 pura
1305 4187 1423 4246 ortho-

176 4291 279 4352 donoe
304 4291 421 4354 Christi
444 4290 628 4358 Ecclesiae,
655 4304 737 4363 quae
761 4288 880 4350 Christi
903 4285 1020 4365 Sponsi
1044 4283 1161 4362 s'piritu
1186 4293 1217 4346 el
1239 4289 1338 4348 verbo
1365 4305 1422 4352 re-

176 4391 276 4469 gitur,
306 4393 470 4470 dogmata,
504 4407 561 4468 per
591 4389 803 4469 sophisticam
827 4389 1079 4479 etpontificiam
1110 4386 1286 4449 doctrinam
1320 4391 1423 4450 valde

264 4599 292 4670 r)
317 4601 361 4650 ure
379 4599 454 4650 xxv
473 4597 564 4654 naria
584 4597 685 4672 tatae,
