3072 5208
495 367 740 420 surrentinum
761 369 841 418 111111
864 373 938 422 rora.
1268 348 1334 423 stt

113 525 212 578 statem
241 520 271 580 in
295 522 440 584 Ecclesia
470 529 590 582 tenere.
648 523 685 582 Et
714 525 840 584 additur
878 525 1016 586 saevitia
1053 527 1090 584 ud
1115 527 1334 588 *stribilicndos

111 637 236 692 errores,
261 631 293 684 et
317 626 529 686 confirmanda
552 626 650 685 multa
675 627 769 695 vitia,
793 629 917 701 qualem
942 636 1036 688 antea
1062 645 1219 704 nunquam
1241 639 1332 689 6161-

110 732 227 784 cnernut
250 729 497 802 gubernatores,
522 729 576 803 qui
600 748 662 788 non
684 731 808 790 luerunt
833 730 968 790 Etbnici.

183 829 255 890 Cum
279 829 378 906 igitur
401 833 433 891 in
457 840 631 908 conspectu
663 832 726 896 sint
757 841 842 893 turrta
873 835 955 894 mala
978 832 1160 903 Ecclesiae,
1196 847 1331 904 errores,

107 926 198 999 idola,
219 931 387 1003 libidines,
411 937 573 1011 neglectio
596 934 769 996 ministerii
793 936 992 1013 evartgelici‚
1019 936 1171 1005 scieritis,
1195 951 1262 997 mm¹
1281 955 1331 998 sn·

107 1030 160 1088 lum
188 1036 390 1109 agnoscenda
421 1044 507 1106 sunt,
539 1039 596 1098 sed
626 1055 736 1098 omnes
767 1038 914 1098 homines
944 1038 1064 1112 ubique
1092 1047 1245 1100 terrarum
1276 1055 1331 1100 ex·

106 1149 268 1206 pavescere
299 1154 408 1198 eorum
438 1148 630 1217 conspectu,
669 1149 700 1201 et
729 1142 926 1217 cogitatione
962 1142 1032 1202 irae
1068 1143 1128 1202 Dei
1164 1143 1328 1204 debebant.

107 1235 165 1296 Non
188 1241 272 1300 euim
295 1241 335 1300 de
359 1241 461 1302 nihilo
486 1243 603 1304 dictum
621 1252 687 1314 est,
712 1252 844 1304 sonante
859 1243 921 1304 Dei
939 1261 1015 1303 voce
1032 1245 1221 1306 certissimis
1238 1244 1328 1304 testi-

106 1340 209 1402 moniis
233 1343 265 1402 iu
289 1352 396 1404 monte
412 1345 518 1415 Sinai,
543 1347 626 1406 intel·
647 1348 790 1422 fragores
816 1346 1007 1415 horrendos,
1032 1355 1065 1404 et
1081 1348 1213 1406 l'nlmiua
1229 1355 1329 1407 aeter-

105 1460 154 1502 nas
181 1459 301 1516 poenas
332 1447 552 1508 denuntiantia
582 1449 739 1509 idolorum
763 1446 954 1508 cultoribus:
989 1448 1056 1506 Non
1081 1449 1217 1508 habebis
1241 1449 1330 1508 Deos

105 1543 218 1604 alienos
242 1565 352 1608 coram.
370 1566 429 1610 me.
474 1551 541 1627 Ego
566 1569 633 1610 snm
656 1551 810 1611 Dominus
825 1553 911 1612 Deus
936 1558 1026 1618 tune,
1053 1550 1185 1611 visitans
1211 1550 1329 1624 iniqui-

104 1654 189 1708 tatem
211 1657 334 1725 patrum
358 1651 517 1723 inditae,
543 1662 601 1713 etc.

179 1749 265 1812 Hanc
295 1761 407 1816 vocem
434 1773 505 1816 cum
544 1758 652 1816 ederet
679 1758 781 1824 Deus,
818 1763 1010 1816 tremuerunt
1047 1756 1141 1831 longa
1177 1753 1329 1814 montium

104 1853 186 1929 iuga,
215 1873 309 1925 saxa,
341 1861 481 1931 scopuli:
517 1868 549 1917 et
573 1876 681 1919 veram
713 1875 805 1928 esse,
835 1873 961 1934 picenae
991 1858 1098 1920 mnudi
1122 1855 1328 1931 quotidianae

103 1957 270 2021 ostendunt.
299 1960 351 2021 .Si
375 1963 430 2036 qui
454 1964 551 2039 igitur
574 1965 655 2024 hanc
678 1961 865 2024 concionem
889 1960 1011 2030 ridant,
1044 1968 1073 2019 et
1106 1960 1328 2036 praesentibus

103 2061 308 2136 voluptatibus
338 2065 502 2161 fruendum
534 2073 681 2136 censent,
718 2073 752 2125 et
783 2066 909 2125 11611611
945 2063 1166 2124 curiositatem
1201 2064 1327 2133 ductant,
1388 2106 1396 2122 .

102 2162 188 2222 auxie
210 2165 373 2240 inquirere
395 2183 501 2228 veram
531 2170 570 2240 de
592 2170 661 2229 Deo
686 2170 779 2228 etde
804 2183 879 2228 vera
908 2167 1113 2246 invocatione
1144 2164 1326 2235 doctrinam,

103 2265 161 2326 illis
184 2266 269 2343 ipsis.
288 2272 429 2346 seopulis
453 2280 484 2330 et
508 2274 595 2332 saxis
620 2274 710 2348 rupis
734 2270 823 2332 Sinai
847 2270 993 2329 duriores
1018 2276 1098 2328 sunt.
1182 2293 1185 2298 ·

1342 1034 1353 1064 ,

179 2386 239 2447 Sed
268 2407 330 2448 non
361 2390 489 2452 dubium
521 2399 568 2452 est
598 2389 800 2452 tristissimas
832 2406 953 2466 poenas
977 2394 1177 2464 contemptae
1190 2387 1210 2462 1)
1236 2385 1326 2448 vocis

103 2485 229 2559 divinae,
256 2491 403 2576 vagari’)
428 2495 571 2555 omnibus
596 2493 794 2569 temporibus
819 2500 998 2569 pertulum
1022 2507 1123 2568 genus
1146 2492 1325 2561 humanum,

104 2595 130 2646 at
155 2601 342 2667 sequuturae
372 2611 446 2656 esse
478 2605 551 2674 post
581 2599 662 2658 hanc
681 2596 807 2664 111111,
838 2613 907 2656 cum
936 2595 1022 2655 lilius
1053 2593 1113 2654 Dei
1145 2610 1181 2652 se
1212 2595 1325 2654 iterum

103 2694 204 2754 mundo
227 2699 392 2768 ostendet,
415 2707 449 2758 ut
473 2717 560 2760 suam
583 2699 759 2760 Ecclesiam
775 2707 866 2759 611161
882 2707 1012 2759 aeterna
1027 2698 1139 2774 gloria,
1164 2705 1195 2757 61
1213 2698 1324 2757 liostes

102 2793 237 2856 horribili
262 2806 294 2858 et
317 2819 380 2860 non
403 2800 545 2861 desitura
569 2801 718 2862 incendio
741 2803 860 2876 puniat.

173 2899 219 2958 De
250 2901 311 2962 hoc
341 2905 413 2978 ipso
445 2905 565 2963 indicio
596 2904 719 2964 interea
742 2903 981 2964 commonelieri
1014 2901 1109 2985 nasi)
1141 2909 1326 2971 statuamus,

101 3015 160 3060 cum
183 3003 329 3065 incendia
354 3007 440 3067 orbis
462 3013 634 3075 terrarum,
665 3006 771 3066 larinas
796 3021 984 3082 regnorum,
1015 3005 1220 3064 confusiones
1252 3003 1324 3064 reli-

100 3101 228 3176 gionum,
248 3108 442 3170 domesticas
459 3110 658 3172 calamitates
673 3109 826 3178 1111111111,
842 3125 955 3186 niagno
973 3105 1116 3189 dolom‘)
1134 3116 1324 3184 spectamus.

172 3222 233 3284 Sed
257 3227 358 3301 aliqui
381 3247 443 3289 non
468 3230 596 3290 omnino
620 3231 717 3290 161161
742 3232 880 3290 latentur
904 3229 1031 3303 aliquos
1052 3227 1219 3288 Ecclesiae
1243 3247 1322 3289 mor-

100 3321 164 3393 bos,
195 3333 226 3386 et
258 3335 291 3388 nt
322 3327 386 3406 ipsi
417 3331 506 3393 molli
536 3333 692 3392 vocabulo
725 3329 905 3401 nominent,
938 3333 1056 3391 abusus
1088 3344 1171 3389 esse.
1225 3329 1323 3390 Nobis

100 3431 192 3488 tamen
215 3429 300 3492 iuste
324 3433 419 3494 irasci
444 3437 637 3497 ordinariam
668 3443 877 3514 potestatem,
909 3435 942 3494 id
974 3442 1036 3503 est,
1069 3451 1206 3493 summos
1237 3435 1322 3494 orbis

100 3531 237 3590 terrarum
260 3536 423 3612 principes
448 3539 609 3613 inquiunt,
629 3537 715 3614 'quia
739 3541 811 3598 sine
836 3537 977 3614 ipsorum
1002 3533 1123 3595 iudicio
1149 3542 1180 3595 et
1204 3535 1322 3595 autori-

99 3634 155 3689 tate
177 3639 324 3708 quasdam
348 3639 536 3714 opinioneS,
572 3644 693 3717 aliquot
725 3641 903 3702 seculorum
929 3655 1087 3700 consensu
1111 3640 1321 3707 confirmatas

100 3739 126 3791 et
147 3739 292 3812 quosdam
316 3741 396 3802 ritus
421 3745 665 3804 aboleverimus.
1190 3790 1191 3794 ,

171 3837 290 3918 Negant
322 3845 457 3920 privatis
488 3853 518 3905 et
548 3848 660 3923 paucis
690 3845 928 3905 concedendum
959 3859 1049 3912 esse,
1080 3848 1115 3900 ut
1144 3841 1206 3901 sibi
1242 3843 1321 3903 iudi-

99 3938 171 4002 cium
193 3955 315 4007 sumant
338 3948 378 4008 de
401 3967 436 4008 re
460 3951 633 4021 communi,
665 3950 704 4009 de
729 3956 811 4009 statu
835 3942 1010 4007 Ecclesiae.
1063 3945 1101 4006 Et
1125 3946 1249 4007 videtur
1273 3963 1320 4006 se-

99 4051 218 4114 quutura
240 4047 371 4111 infinita.
388 4051 575 4128 dissipatio,
601 4054 628 4112 si
653 4049 787 4112 cuilibet
811 4047 842 4110 in
869 4050 964 4124 vulgo
989 4049 1166 4108 sententias
1191 4056 1222 4107 et
1244 4051 1321 4109 ritus

98 4161 147 4205 suo
169 4153 296 4212 arbitrio
321 4159 441 4214 mutare
471 4145 590 4215 licebit.
637 4155 717 4225 Quid
743 4155 828 4214 enim
851 4151 1052 4212 manifestius
1079 4158 1141 4222 est,
1171 4169 1268 4249 quum
1288 4151 1321 4212 in
