3072 5208
442 319 688 374 surrentinum
707 321 791 374 ANNI
811 323 886 376 teet.

69 478 123 538 ua
152 480 203 536 na.
220 477 330 539 soem.
377 476 454 562 (vn.
470 483 506 537 v.
529 501 556 554 p.
575 475 661 560 stt.)

150 561 319 590 Μ
1145 569 1278 595 Μ.

243 660 358 728 Hem.
384 655 626 750 Bullinqerus
654 654 709 725 ud
732 652 1076 726 Metaeetttonem.

116 786 199 854 liplst.
218 787 338 840 Tomll.
363 803 392 856 p.
407 787 465 842 tte.
492 785 611 840 Casto.
639 787 723 842 Arch.
747 787 820 841 Eccl.
847 787 909 854 Tig.
929 803 980 856 per
1005 802 1093 840 smsn.
1116 787 1278 855 Bullingeri.

145 874 331 942 Apogrephon
351 873 432 926 hnins
453 874 603 939 epistolae,
623 890 676 940 qun
696 874 872 940 Bullingerns
891 875 926 925 ad
939 873 1158 948 hislanchthonis
1177 874 1281 944 episto·

147 958 291 1028 lamprid.
311 957 367 1012 eat.
388 958 466 1026 Sept.
486 959 579 1010 daiam
597 959 762 1027 respondet,
781 975 830 1026 per
843 957 914 1012 Glsr.
927 959 961 1010 V.
975 959 1155 1026 Voegelinum
1174 960 1278 1027 accepi.

346 1074 637 1161 (Aql’tatappm
664 1077 979 1165 Melanehtltonem.)

132 1199 268 1262 Gratiam
299 1207 331 1260 et
360 1202 449 1262 vitae
479 1199 694 1262 innocentiam
718 1217 738 1261 a
758 1201 904 1262 Domino.
957 1199 1118 1262 Nihildum
1141 1201 1279 1262 vidimus

61 1301 234 1378 scriptorum
256 1304 293 1364 D.
316 1302 448 1366 Lutheri
471 1303 523 1364 nel
546 1303 587 1363 ed
609 1321 684 1374 nos,
712 1303 767 1364 vel
797 1311 905 1366 contra
937 1321 1004 1374 nos.
1061 1303 1128 1378 Quo
1158 1305 1223 1366 lato
1246 1303 1280 1363 id

13 1477 14 1482 ἵ
61 1404 121 1474 fiat,
151 1404 342 1484 ignoramus.
401 1406 549 1467 Miramur
585 1405 714 1468 interim
750 1407 788 1468 Ι).
817 1407 948 1468 Lutheri
983 1406 1169 1477 consilium,
1215 1405 1281 1483 qui,

62 1514 193 1580 qnantum
218 1525 259 1570 ex
283 1510 417 1581 aliorum
442 1525 568 1584 quoque
592 1509 765 1570 amicorum
790 1517 822 1569 et.
844 1509 972 1570 fratrum
1000 1509 1104 1570 literis
1128 1509 1281 1588 intelligi·

60 1625 130 1680 mus,
159 1613 366 1672 acerbissime
393 1613 426 1671 in
449 1631 507 1673 nos
531 1609 677 1687 scripsit,
707 1610 789 1673 nihil
812 1617 917 1672 tamen
941 1610 1039 1673 misit.
1087 1616 1127 1674 At
1150 1613 1282 1690 ingenui

61 1719 87 1770 et
113 1729 184 1775 vere
214 1713 361 1774 Germani
397 1713 536 1774 hominis
571 1715 692 1784 iuerat,
730 1729 800 1774 mea
831 1712 960 1788 quidem
998 1716 1175 1784 sententia,
1213 1713 1281 1776 illis

61 1813 182 1876 maxime
211 1817 391 1894 exemplum
421 1816 567 1886 mittere,
597 1817 636 1877 ad
670 1832 769 1891 quos,
804 1811 852 1875 vel
883 1823 990 1877 contra
1015 1833 1094 1892 qnos
1126 1817 1281 1892 scriptum

62 1924 108 1978 est.
139 1919 261 1980 Nullam
284 1917 405 1980 homini
429 1921 632 1981 occasionem
655 1919 802 1980 dedimus
825 1919 943 1997 agendi
966 1928 1075 1982 contra
1098 1939 1155 1984 nos
1177 1937 1283 1997 usque

61 2021 128 2082 adeo
157 2021 309 2084 atrociter
338 2029 369 2082 et
398 2024 568 2084 hostiliter.
622 2022 655 2083 ld
685 2024 769 2098 quod
800 2023 893 2085 valde
917 2023 1198 2094 consolaturum,
1228 2025 1284 2100 qni

62 2125 168 2202 alioqui
191 2142 304 2204 magno
336 2115 539 2188 cumdolore
567 2126 729 2196 videmus,
760 2127 869 2186 multis
899 2125 1032 2186 infirmis
1063 2127 1282 2204 perniciosum

63 2227 145 2289 obiici
168 2229 359 2290 scandulum.
403 2229 488 2289 Vere
513 2229 597 2290 enim
621 2227 754 2298 scribis,
779 2231 889 2291 hostes
913 2235 1040 2290 nostros
1064 2232 1176 2293 cristas
1202 2233 1283 2293 lerc-

64 2331 131 2391 citer
159 2339 329 2392 erecturos.
387 2331 482 2392 Dolet
511 2338 543 2390 et
573 2330 654 2392 illud
682 2331 776 2392 nohis
804 2329 960 2401 maxime,
998 2333 1175 2408 symbolum
1204 2335 1284 2394 illud

67 2433 176 2494 unionis
201 2441 232 2494 et
257 2433 446 2494 concordiae
462 2435 704 2511 redemptorum
727 2433 883 2511 sanguiue
905 2431 980 2494 lilii
1002 2435 1080 2503 Dei,
1114 2433 1286 2497 Sathanica

66 2538 257 2614 suggestione
288 2539 369 2596 uerti
406 2537 438 2596 in
471 2537 636 2598 materiam
672 2535 828 2608 rixarum,
864 2537 979 2613 quibus
1015 2537 1114 2598 animi
1143 2538 1285 2598 fidelium

66 2641 152 2700 saucii
174 2640 392 2701 distrahuntur
415 2637 447 2699 in
472 2647 587 2716 partes.
640 2639 707 2700 Nec
729 2641 919 2717 impunitum
949 2641 1033 2700 sinet
1055 2657 1200 2718 magnum
1222 2642 1284 2702 hoc

67 2744 163 2802 trulum
187 2741 385 2803 iustissimus
403 2742 567 2802 Dominus.
602 2741 759 2812 Quoniam
781 2758 858 2804 vero
882 2743 970 2823 prior
992 2743 1049 2802 ille
1072 2743 1285 2804 ministerium

65 2851 187 2904 nostrum
209 2851 243 2903 et
264 2843 427 2904 Ecclesias
451 2843 532 2904 nihil
556 2845 621 2906 tale
643 2845 792 2914 meritos,
815 2846 976 2906 damnavit
999 2848 1213 2922 tractavitque
1235 2847 1282 2908 in-

67 2943 255 3022 dignissime,
293 2944 465 3022 publicato
487 2936 673 3010 ¹huiusmodi
711 2947 832 3024 scripto
866 2945 1031 3029 (quantum
1061 2945 1213 3010 videlicet
1246 2965 1287 3010 ex

67 3049 241 3122 optimorum
276 3047 597 3124 doctissimorumque
634 3049 738 3110 literis
768 3047 994 3126 intelligimus:
1031 3048 1137 3126 ipsum
1172 3051 1287 3115 librum

67 3149 141 3211 brevi
169 3170 228 3212 nos
259 3157 447 3229 accepturos
476 3151 657 3234 speramus)
689 3152 774 3227 quod
805 3170 866 3212 non
897 3152 976 3212 citra
998 3149 1146 3212 veritatis
1176 3160 1209 3212 et
1230 3153 1286 3214 Ec-

68 3252 217 3328 clesiarum
242 3260 417 3316 nostrarum
442 3254 555 3330 ingens
579 3254 757 3330 periculum
780 3255 984 3333 dissimulem
1008 3270 1203 3330 possumus„
1222 3273 1287 3318 non

68 3351 181 3434 indigne
211 3356 297 3418 feres
327 3355 382 3442 vel
410 3361 460 3424 tu,
495 3355 739 3427 colendissime,
777 3355 934 3432 nobisque
970 3355 1135 3436 carissime
1170 3359 1287 3420 Melan·
1359 3419 1361 3423 .

67 3458 183 3530 chthon,
213 3460 266 3518 vel
290 3458 373 3534 alius
397 3457 587 3528 virbonus,
623 3461 653 3520 si
677 3475 752 3520 vere
783 3467 816 3518 et
844 3459 1007 3530 modeste,
1041 3477 1145 3523 coram
1169 3459 1289 3522 Christi

67 3557 211 3632 Ecclesia,
242 3567 381 3644 nostram
409 3568 554 3622 tueamur
583 3561 813 3638 innocentiam,
852 3561 947 3634 fidem
979 3560 1119 3638 denique
1149 3568 1289 3624 nostram

67 3660 152 3724 libere
174 3664 406 3732 confiteamur,
427 3672 459 3725 et
481 3661 658 3725 adversarii
686 3664 938 3740 respondeamus
953 3664 1172 3740 argumentis.
1224 3664 1288 3725 Diu

70 3766 179 3836 quidem
202 3773 333 3844 propter
356 3766 700 3842 pacem-Ecclesiarmn
723 3766 823 3826 multa
845 3765 1127 3828 dissimulavimus.
1163 3766 1287 3827 Nullum

70 3865 116 3926 ille
145 3870 259 3930 librum
296 3870 395 3931 multo
425 3868 487 3930 iam
523 3877 668 3946 tempore
704 3868 821 3939 edidit,
853 3868 886 3930 in
919 3885 980 3945 quo
1011 3888 1072 3930 non
1103 3868 1290 3947 Zwinglium

70 3977 193 4033 nostrum
213 3962 350 4034 meliora
372 3973 517 4032 meritum
541 3973 674 4042 notarit,
698 3989 735 4032 ac
757 3985 816 4034 nos
841 3969 939 4032 etiarn
961 3971 1128 4032 accusarit.
1165 3971 1211 4032 Eo
1235 3989 1289 4033 no·

70 4070 143 4133 mine
164 4075 263 4135 semel
285 4080 319 4135 et
342 4075 455 4134 iterum
479 4073 562 4136 datis
593 4075 632 4135 ad
655 4075 825 4135 Lutherum
858 4073 963 4134 literis
994 4073 1191 4135 amicissime
1214 4075 1308 4134 scri?

73 4175 141 4248 ptis,
162 4177 321 4239 hominem
343 4177 504 4238 dehortati
527 4194 644 4238 snmus.
679 4176 743 4238 Sed
760 4184 792 4237 et
809 4175 931 4253 magnis
949 4176 1128 4253 sumptibus
1140 4176 1176 4237 Ι).
1192 4177 1290 4237 Buce-

72 4293 128 4337 mm
160 4281 198 4342 de
228 4279 401 4342 concordia
429 4282 561 4366 tutheri
597 4295 668 4342 cum
709 4278 887 4340 llelveticis
921 4274 1077 4340 Ecclesiis
1114 4285 1147 4338 et
1181 4281 1291 4340 harum
1331 4277 1332 4280 ’

72 4393 132 4440 com
151 4385 287 4446 hothero
311 4379 479 4461 splendide
502 4385 729 4454 disserentem,
764 4401 801 4444 ae
823 4399 937 4459 magne
958 4380 1166 4458 pollicentem
1191 4397 1290 4458 saepe

73 4483 243 4548 audivimus.
289 4485 533 4562 Responderunt
555 4483 723 4547 Ecclesiae
746 4491 875 4546 nostrae
898 4483 1057 4560 epistolae
1080 4483 1291 4554 Lutheranse‚

74 4583 202 4663 adeoque
233 4596 264 4650 et
293 4589 466 4650 amicitiam
503 4595 728 4651 contraxerunt
765 4606 835 4652 cum
864 4587 940 4657 illo,
978 4583 1143 4648 oblivione
1174 4586 1292 4648 deletis
