3102 5202
203 260 270 370 Μ
729 281 913 342 urrauurx.

203 435 260 498 Est
281 435 343 498 huc
366 439 481 498 attutus
503 435 773 500 libellusErasnri.
817 439 842 498 0
866 438 961 514 quale
984 435 1150 513 scripturn!
1195 431 1340 518 Noster¹)
1365 449 1444 493 vero

206 539 333 600 videtur
355 538 534 611 subiratior‚
559 547 591 600 et
607 555 724 601 vereor
746 541 845 602 multa
867 555 1093 614 responsurum
1108 537 1326 599 vehementius
1348 551 1444 611 quarn
1482 549 1485 554 ¹

202 646 298 704 antea
319 639 459 720 scripsit.
503 641 591 703 Haec
612 643 756 704 volebam
792 647 825 703 te
855 643 946 704 scire.
991 643 1037 702 Tu
1059 639 1165 702 scribe
1200 639 1240 698 ad
1262 653 1312 698 rue
1350 651 1444 714 quum

203 745 393 819 saepissime
417 745 548 822 poteris.
594 745 682 816 vate,
705 745 809 808 saluta
829 745 977 808 lodocum
1000 752 1032 806 et
1055 749 1153 806 totam
1175 739 1333 805 tonitrum.

289 881 428 946 Uxorem
451 885 570 946 salutes
593 882 673 945 meis
698 885 813 946 verbis.

1063 1015 1231 1093 Φιλιππος

209 1381 280 1442 523.
313 1377 473 1440 Noetu!
519 1377 596 1464 (vot.
613 1386 636 1442 1.
659 1403 686 1459 p.
705 1381 792 1466 795.)
843 1377 1444 1461 (exeunteApriiirelincunteMaiolb2b.)

308 1465 481 1494 m
856 1459 1434 1504 ——qp-——a

753 1588 896 1662 Eidem.

273 1740 328 1791 Has
346 1741 438 1794 literas
457 1745 572 1791 exeunte
590 1739 678 1807 Aprili
700 1746 748 1791 aut
764 1739 875 1818 ineunte
892 1737 962 1790 Maio
981 1741 1097 1809 scriptas
1115 1755 1185 1804 csse,
1215 1739 1365 1792 Brecherus
1389 1739 1407 1792 l.
1426 1738 1443 1788 Ι.

309 1840 337 1892 p·
350 1825 410 1892 365,
429 1826 474 1877 ubt
493 1840 540 1878 eas
559 1825 608 1878 sub
627 1841 672 1877 no.
688 1824 761 1877 VIII.
781 1824 902 1887 exhibet,
931 1826 959 1874 iu
977 1830 1068 1878 annot.
1089 1822 1133 1880 ib.
1152 1825 1322 1894 argumentis
1340 1824 1443 1892 probat.

503 2029 550 2096 D.
573 2029 699 2096 Ioanni
719 2028 913 2112 Agricolae
935 2037 1042 2094 amico
1064 2053 1091 2096 a.
1113 2031 1163 2111 af)

295 2211 327 2272 S.
373 2210 455 2270 Tuas
477 2206 587 2270 literas
611 2205 652 2266 de
676 2204 784 2290 Vitc⁸)
809 2208 921 2282 accepi
944 2205 1100 2285 postridie
1136 2221 1230 2284 quam
1252 2205 1292 2267 ati
1315 2212 1348 2266 ta
1369 2205 1441 2264 scri-

208 2329 335 2392 pseram
356 2326 414 2386 per
439 2308 657 2374 Vendatinum.
701 2308 786 2370 Nihil
810 2317 887 2387 puta
919 2311 999 2374 mibi
1031 2309 1152 2388 gratius
1183 2309 1325 2387 potuisse
1361 2308 1438 2370 acci-

209 2418 297 2487 dere,
335 2430 429 2491 quam
461 2421 496 2474 ut
524 2413 565 2473 de
584 2410 800 2474 Vite-certior
823 2413 985 2483 redderer,
1015 2414 1090 2489 quid
1124 2411 1329 2474 statuissetis.
1375 2411 1438 2489 Ego

206 2519 268 2580 ium
291 2519 469 2597 cogitabam
499 2533 569 2578 eum
592 2515 828 2595 Norimbergam
849 2515 977 2580 mittere
1010 2515 1140 2583 tametsi
1175 2517 1215 2576 od
1236 2516 1355 2577 nuttam
1376 2531 1439 2575 cer-

197 2630 269 2685 ·tam
292 2621 518 2683 conditionem.
564 2620 663 2698 Hunc,
697 2626 866 2698 postquam
902 2636 974 2683 eum
1003 2620 1179 2683 conducunt
1214 2621 1325 2690 nostri,
1359 2621 1439 2681 malo

204 2725 255 2787 hic
289 2725 322 2787 in
345 2723 396 2796 his
420 2723 605 2802 regionibus
627 2723 785 2785 hominem
809 2725 987 2786 studiosum
1010 2723 1151 2785 retineri.
1196 2723 1273 2784 Nam
1296 2722 1439 2784 dubitare

204 2847 266 2890 non
290 2829 400 2899 debes,
435 2828 510 2906 quin
531 2827 581 2888 hie
604 2829 647 2889 sit
668 2825 743 2889 usui
764 2829 935 2905 aliquando
959 2829 1081 2888 tuturus
1113 2826 1146 2888 in
1169 2825 1316 2889 maximis
1338 2829 1440 2888 rebus.

206 2931 281 2994 Nam
302 2940 522 3010 praeterquam
545 2932 629 3008 quod
651 2933 762 2994 literas
774 2931 890 2994 tatinus
913 2934 1009 2993 callet
1032 2932 1164 3009 egregie
1187 2930 1331 2992 simulac
1353 2944 1439 3008 grae-

208 3051 271 3107 cus,
302 3041 334 3095 et
355 3051 468 3096 versus
490 3033 702 3098 faelicissimo
725 3034 847 3100 scribit.¹
888 3034 992 3096 Mores
1029 3040 1101 3095 sunt
1135 3030 1377 3112 castigatissimi
1410 3036 1439 3091 et

208 3137 363 3216 religiosa
385 3151 482 3198 ruens.
526 3138 571 3200 iia
592 3135 694 3198 uirtus
718 3143 767 3198 ast
790 3137 893 3200 rarior
915 3155 1007 3214 qurum
1030 3137 1141 3200 credas
1166 3137 1198 3198 in
1222 3135 1284 3208 his,
1308 3135 1364 3213 qui
1386 3154 1437 3198 uu-

208 3241 276 3300 lunt
296 3238 400 3300 videri
423 3239 531 3302 literas
555 3237 648 3301 scire.
693 3237 797 3311 Quare
819 3241 1005 3303 commendo
1028 3239 1088 3302 tibi
1112 3240 1271 3302 hominem
1295 3240 1334 3301 de
1360 3239 1437 3318 opti-

189 3359 258 3404 ma
278 3348 366 3414 note,
390 3341 473 3406 sicut
496 3341 598 3421 inquit
621 3341 742 3405 Cicero.
786 3344 824 3406 Et
847 3345 919 3420 ipse
948 3344 987 3405 de
1011 3351 1065 3406 tua
1086 3343 1284 3406 humanitate
1309 3348 1342 3404 et
1363 3345 1437 3405 libe·

137 3525 139 3531 Ι
209 3444 335 3507 ratitatc
358 3447 485 3508 comitis
508 3450 591 3509 bene
615 3455 732 3522 speret,
755 3464 854 3524 seque
879 3455 953 3510 tuae
966 3447 1041 3510 fidei
1062 3445 1253 3524 simpliciter
1266 3445 1436 3510 committit

206 3547 297 3609 Nosti
319 3553 412 3610 vetus
436 3550 535 3613 iilud:
556 3551 640 3611 Inter
659 3551 760 3612 bonos
782 3553 866 3612 benc
888 3547 1014 3633 agie1·.⁴)
1057 3551 1103 3613 lta
1124 3558 1158 3612 ut
1181 3551 1265 3611 inter
1289 3569 1346 3612 vos
1372 3565 1436 3625 spe

208 3643 274 3712 r'cm
296 3668 354 3712 vos
378 3661 502 3714 acturus
526 3669 610 3723 esse,
643 3653 717 3715 facit
738 3653 902 3731 utriusque
925 3653 1005 3716 fides
1043 3661 1075 3715 et
1099 3655 1198 3716 virtus
1221 3651 1303 3714 mihi
1338 3655 1438 3716 multis

210 3752 272 3816 iam
296 3754 421 3817 casibus
444 3757 573 3834 cognita
594 3763 626 3816 et
649 3763 797 3832 spectata.
843 3757 931 3818 Vale.
975 3758 1006 3818 S.
1028 3755 1122 3818 uxori
1145 3764 1178 3819 et
1199 3755 1352 3818 familiae.

894 3933 897 3940 ’
936 3945 937 3948 ¹
997 3913 1168 3991 Philippus.

212 4219 416 4236 m

313 4304 339 4372 l)
364 4305 383 4358 i.
404 4320 428 4354 e.
445 4303 592 4363 Lutherus.

311 4388 340 4456 2)
363 4389 397 4444 Iu
414 4392 535 4458 margine
553 4377 678 4446 abditur:
703 4395 835 4450 latebtaa.

312 4475 342 4542 3)
365 4475 429 4526 Vite
447 4479 647 4533 amerbaohtot
667 4484 738 4535 confi
756 4482 875 4535 Bracher
893 4483 912 4537 1.
930 4481 948 4536 Ι.
967 4498 995 4550 p.
1009 4482 1069 4536 363.
1087 4488 1180 4536 annot.
1195 4483 1239 4538 43.
1358 4532 1360 4540 s

313 4561 342 4630 4)
363 4561 439 4617 Gens.
457 4579 539 4634 supra
558 4583 584 4634 p.
598 4567 659 4622 374.
677 4575 732 4624 not.
750 4573 777 4627 2.
