3072 5208
251 308 316 378 aad
645 317 892 378 sanctuarum
911 325 992 378 auur
1015 327 1090 380 raro.

254 482 405 550 utrinam,
442 484 498 557 pio
528 489 659 557 pectore
690 498 725 540 se
749 483 817 542 Deo
847 481 1036 546 subiiciunt.
1068 494 1286 558 expavescunt
1320 485 1472 560 agnitione

252 593 473 662 peccatorum,
497 592 527 643 et
544 602 650 644 rursus
673 584 836 660 eriguntur
850 583 967 644 fiducia
982 583 1224 646 misericordiae
1243 594 1372 663 propter
1386 587 1472 648 filium

251 688 314 750 Dei
342 686 552 748 mediatorem
581 687 775 761 promissae,
810 694 841 746 et
871 686 1054 748 ardentibus
1085 687 1170 748 votis
1201 697 1290 750 orant
1312 706 1350 750 se
1372 691 1473 765 gnber-

252 793 320 850 nari
344 807 362 850 a
385 791 471 859 Deo,
503 791 721 866 obtemperant
746 790 794 858 ei,
823 797 856 848 et
879 791 947 866 regi
972 790 1080 849 volunt
1111 809 1171 850 non
1196 797 1315 852 tanturn
1339 791 1474 852 humanis

252 893 399 968 indiciis,
422 893 478 952 sed
501 909 580 952 voce
602 891 673 952 Dei.
706 892 781 952 ideo
796 893 908 954 Esaias
934 892 1047 954 videns
1071 902 1261 968 separaturus
1286 896 1316 954 in
1341 891 1474 954 Ecclesia

251 1002 301 1062 sui
325 998 454 1077 populi,
485 1003 516 1054 et
539 1001 654 1071 postea
676 994 786 1058 tristes
815 998 979 1066 tenebras,
1012 1005 1161 1074 precatur
1182 999 1284 1058 Deum
1314 1013 1355 1057 ne
1385 999 1473 1056 lucem

251 1104 413 1165 doctrinae
438 1117 567 1176 prorsus
593 1098 736 1175 extingui
761 1101 851 1160 sinat.
899 1102 1040 1175 Cumque
1062 1100 1122 1162 ait:
1157 1101 1298 1178 Obsigna
1328 1103 1427 1177 legem
1448 1099 1473 1158 in

251 1205 420 1283 discipulis
451 1203 548 1270 meis,
584 1200 745 1278 significat
774 1219 951 1264 mansuram
984 1219 1056 1264 esse
1086 1204 1277 1272 doctrinam,
1315 1204 1403 1264 velut
1430 1203 1472 1260 oh-

251 1315 404 1387 signatam
434 1303 543 1365 divino
567 1301 690 1379 Spiritu
720 1303 753 1363 in
783 1305 943 1366 mentibus
973 1323 1036 1366 non
1066 1308 1221 1375 omnium,
1259 1305 1317 1364 sed
1347 1303 1473 1380 discipu-

251 1417 367 1480 lorum,
391 1406 516 1474 idest,
541 1420 651 1464 eorum
675 1404 731 1479 quii
753 1407 975 1482 propheticam
999 1407 1173 1469 doctrinam
1197 1408 1341 1475 discunt,
1373 1413 1474 1473 amant,

252 1525 284 1577 et
306 1513 556 1590 amplectuntur,
588 1515 619 1566 et
649 1525 711 1568 non
743 1517 945 1586 corrumpunt
975 1525 1061 1579 eam,
1093 1512 1175 1572 sicut
1200 1517 1231 1570 et
1255 1527 1337 1570 nuuc
1365 1507 1472 1575 ludaei,

251 1629 283 1679 et
306 1615 381 1678 olim
404 1609 568 1674 Pharisaei
599 1612 795 1684 corruptelas
827 1611 1063 1688 excogitarunt,
1098 1631 1231 1688 quorum
1263 1613 1411 1687 exempla
1431 1611 1472 1670 ad·

252 1719 387 1782 versarii
409 1715 510 1776 nostri
533 1714 565 1774 in
589 1715 696 1775 multis
719 1713 920 1789 gravissimis
945 1716 1174 1780 controversiis
1197 1716 1369 1778 imitantur.

335 1825 413 1883 Cum
442 1818 557 1879 Paulus
584 1815 682 1876 toties
715 1819 872 1878 clamitet:
908 1817 985 1878 Fide
1019 1820 1243 1889 iustificamur,
1283 1819 1472 1896 impossihile

251 1937 300 1990 est
323 1927 395 2001 lege
419 1919 602 1988 iustificari,
626 1926 684 1980 etc.
709 1917 767 1979 isti
790 1920 965 1982 contrarias
989 1923 1167 1984 sententias
1192 1930 1391 1999 proponunt,
1420 1922 1472 1984 imo

199 2091 201 2096 ,
250 2031 413 2106 inquiunt:
436 2027 531 2086 heluo
556 2023 622 2098 legi
644 2023 705 2084 Dei
730 2024 918 2084 satisfacere
941 2033 1060 2100 potest,
1088 2035 1119 2084 et
1143 2027 1193 2086 his
1217 2026 1396 2088 actionibus
1420 2042 1472 2086 me

250 2140 336 2194 retur
360 2125 582 2190 remissionem
606 2131 817 2199 peccatorum.
872 2125 936 2186 Sed
960 2145 1028 2188 cum
1051 2145 1210 2203 nunquam
1233 2130 1332 2195 sciat,
1363 2129 1473 2203 quaudo

250 2233 458 2299 satisfecerit,
489 2243 615 2303 semper
645 2227 784 2297 dubitet,
821 2247 858 2291 an
889 2231 1015 2306 placeat
1044 2234 1122 2292 Deo.
1175 2233 1220 2292 lta
1250 2233 1417 2294 ostendunt
1445 2247 1472 2290 se

251 2360 311 2402 non
335 2335 499 2398 auditores
524 2347 598 2392 esse
620 2330 725 2400 Pauli,
761 2333 818 2392 sed
846 2334 1006 2395 mordicus
1030 2341 1142 2396 tenere
1166 2336 1405 2410 persuasionem
1428 2337 1472 2394 hu·

250 2459 389 2510 menam,
414 2454 505 2513 quam
529 2434 709 2496 anteferunt
731 2435 828 2496 Paulo
853 2436 975 2498 diserte
999 2438 1161 2498 diversum
1184 2437 1323 2499 docenti.
1358 2437 1471 2498 Etcum

250 2546 401 2621 scriptum
415 2538 505 2602 Pauli
528 2555 589 2598 non
614 2539 719 2598 ausint
743 2556 872 2613 prorsus
891 2540 1022 2609 delere,
1046 2541 1196 2602 audacter
1216 2542 1338 2617 fingunt
1358 2542 1471 2602 cavilla-

249 2649 354 2710 tiones
378 2645 416 2706 ad
441 2641 628 2702 eludendam
651 2640 819 2716 Evangelii
845 2640 1007 2724 vocem¹),
1037 2659 1128 2717 quam
1160 2645 1314 2717 prolatam
1345 2661 1382 2704 ex
1410 2644 1471 2704 sina

250 2751 372 2817 aeterni
397 2747 496 2822 patris
519 2745 606 2804 Deus
631 2760 688 2818 per
711 2744 902 2820 Prophetas,
928 2747 1104 2816 Christum,
1126 2755 1159 2806 et
1174 2750 1348 2823 Apostolos
1372 2747 1470 2824 generi

251 2857 386 2914 humano
419 2846 565 2915 tradidit,
597 2853 632 2904 ut
662 2846 700 2904 de
732 2847 923 2908 remissione
958 2857 1160 2925 peccatorum
1191 2857 1278 2910 certo
1310 2852 1400 2911 nobis
1428 2868 1471 2908 vo-

253 2960 354 3016 luntas
377 2950 439 3013 Dei
462 2956 536 3012 nota
560 2956 655 3008 esset.

335 3054 515 3116 omittimus
540 3053 687 3127 exempla
710 3051 783 3112 alia.
837 3053 913 3114 Nam
937 3052 966 3112 si
990 3056 1080 3128 plura
1110 3071 1356 3117 commemorare
1386 3057 1471 3114 velle-

249 3178 335 3230 mus,
360 3173 452 3232 quarn
468 3157 562 3231 longa
577 3155 680 3214 latina
695 3162 783 3214 esset
798 3152 925 3216 oratio?
962 3156 1041 3216 Num
1056 3157 1282 3232 Prophetarum
1303 3166 1335 3219 et
1352 3165 1472 3232 Aposto·

250 3266 349 3324 lorum
374 3259 526 3335 discipuli
551 3264 638 3325 sunt,
670 3259 724 3332 qui
749 3260 965 3328 sacerdotem,
1000 3261 1166 3320 honestum
1195 3262 1358 3330 maritum,
1390 3263 1471 3322 inter-

249 3367 302 3426 fici
327 3358 458 3425 iubent?
513 3360 598 3420 Haec
627 3359 747 3421 iniusta
770 3360 942 3422 crudelitas
968 3378 1006 3424 ex
1031 3361 1206 3422 Phalaridis
1230 3361 1401 3439 disciplina
1425 3365 1470 3426 est,

250 3487 311 3528 non
337 3483 377 3528 ex
399 3462 591 3539 Prophetica
615 3469 647 3522 et
670 3461 866 3538 Apostolica.

333 3571 501 3644 Postquain
523 3573 627 3626 autern
652 3565 864 3636 ostendimus,
895 3575 928 3628 et
959 3569 1034 3643 quid
1051 3567 1251 3641 ‘seritiamum
1284 3575 1315 3628 et
1339 3564 1470 3642 quaesit

250 3674 396 3734 volumtas
421 3677 528 3732 nostra
551 3669 581 3730 in
607 3685 722 3730 caussa
745 3676 847 3730 tauta:
871 3688 954 3730 princ
978 3669 1136 3745 reliquum
1159 3677 1226 3738 est,
1246 3677 1280 3730 ut
1303 3675 1471 3730 reverenter

251 3790 360 3834 ornnes
377 3775 498 3849 Reges,
523 3773 703 3847 Principes,
728 3779 760 3830 et
784 3771 922 3834 omnium
947 3772 1107 3834 nationum
1129 3774 1217 3834 viros
1232 3776 1333 3836 honos
1348 3787 1469 3834 oremus,
1527 3797 1528 3852 p

249 3884 283 3937 ut
313 3881 445 3952 propter
473 3875 607 3951 gloriam
637 3875 696 3934 filii
725 3874 806 3943 Dei,
837 3882 869 3936 et
898 3876 1034 3937 salutem
1063 3875 1245 3956 Ecclesiae,
1283 3876 1469 3938 arrtoritaten

251 3997 339 4038 suam
368 3979 407 4040 ad
439 3980 499 4040 hoc
520 3976 662 4038 officium
685 3979 753 4037 Deo
786 3996 804 4037 a
836 3984 904 4038 toto
932 3993 1053 4055 genere
1084 3979 1218 4038 humano
1250 3978 1387 4040 debitum
1409 3992 1469 4034 cou-

250 4083 368 4150 lerant,
393 4079 545 4142 videlicet
570 4095 609 4139 ne
632 4079 850 4144 adsentiantur
862 4077 887 4162 ²)
912 4081 969 4149 iis,
995 4079 1049 4153 qui
1073 4079 1183 4140 delore
1207 4079 1362 4142 sinceram
1384 4078 1468 4138 Evan-

251 4182 330 4257 gelii
355 4183 546 4251 doctrinam,
577 4197 634 4239 seu
659 4182 778 4255 Synodi
803 4189 985 4258 praetextu,
1022 4198 1079 4240 scu
1103 4181 1177 4240 aliis
1200 4163 1302 4241 modis
1327 4185 1468 4242 conantur,

338 4284 431 4344 Nobis
464 4285 590 4359 quidem
623 4284 709 4344 mulla
741 4287 804 4344 res'
823 4286 957 4344 humana
991 4283 1111 4361 gratior
1147 4285 1332 4360 contingere
1365 4285 1467 4358 posset,

252 4403 345 4460 quam
369 4387 478 4445 videre
502 4386 657 4462 synodum
680 4385 809 4464 dignam
832 4387 976 4447 Ecclesia
1000 4387 1077 4456 Dei,
1103 4386 1133 4446 in
1159 4403 1236 4460 qua,
1263 4385 1361 4446 libera
1378 4391 1404 4443 ct
1424 4381 1466 4458 piu

336 4525 364 4585 li
388 4523 492 4588 uocem]
513 4523 664 4574 Seckeud.:
678 4525 837 4586 'varitatenn

337 4610 365 4671 2)
392 4607 595 4672 adsentiantur]
616 4609 764 4659 Scclrcnd.:
785 4610 973 4662 adsentiamur
