3120 5206
488 323 731 380 surrcmmnm
751 323 832 375 num
855 324 929 376 ruso.
1284 305 1328 374 d'l

180 487 213 546 Et
235 488 265 545 in
292 484 489 562 praefatione
513 484 600 543 illius
623 478 837 540 confessionis
862 494 922 554 ego
946 495 1016 536 cum
1040 479 1113 540 aliis
1138 479 1327 556 subscriptis

109 589 261 647 obtulimus
285 603 359 656 nos,
390 585 473 660 quod
506 603 566 644 non
591 583 744 659 gravatim
775 599 843 639 cum
873 582 947 640 aliis
970 581 1186 651 ElectoribuS,
1210 581 1326 643 Princi-

109 692 188 765 pibus
211 698 241 748 et
264 690 399 748 statibus
423 688 557 745 nnirnns
588 683 767 743 deliberare
791 689 822 740 et
846 684 989 742 corrierre
1018 684 1059 742 de
1089 684 1202 758 aequis
1227 691 1259 744 et
1281 691 1328 744 to·

107 792 275 852 larabilibus
300 791 419 858 modia,
449 797 501 856 ut,
534 793 680 862 quantum
714 786 847 842 honeste
872 783 977 866 sreri¹)
1002 786 1122 861 possit,
1158 787 1328 846 convenia-

106 913 177 964 mus,
212 899 242 952 et
276 909 310 952 re
343 893 424 952 inter
454 907 511 950 nos
541 889 662 965 agitata
691 887 770 946 citra
799 886 943 945 odiosam
975 885 1227 958 contentionem,
1266 889 1329 948 deo

105 998 201 1066 dante,
230 994 411 1055 discordiae
435 993 636 1059 dirimantur,
667 997 699 1049 et
721 989 759 1048 ad
785 1006 878 1048 unam
903 1006 1008 1049 veram
1038 991 1226 1051 concordem
1255 992 1329 1052 reli-

105 1098 219 1174 gionem
242 1097 432 1157 reducantur
443 1092 485 1176 ²),
509 1093 593 1153 sicut
617 1106 728 1151 omnes
752 1092 810 1150 sub
832 1109 896 1152 uno
912 1093 1036 1153 Christo
1061 1111 1168 1154 sumus
1193 1100 1224 1153 et
1246 1094 1327 1154 mili·
1391 1132 1395 1138 ·

105 1208 202 1260 tamus.

178 1303 244 1372 Qua
273 1301 306 1361 in
337 1317 372 1359 re
400 1299 478 1359 nihil
510 1299 741 1366 detrectamus,
771 1296 856 1372 quod
887 1313 957 1356 cum
980 1297 1050 1358 Deo
1081 1305 1117 1380 et
1143 1301 1225 1360 bona
1255 1318 1322 1360 con»

106 1405 227 1465 scientia
250 1405 322 1464 fieri
345 1409 471 1480 potest,
496 1402 580 1476 quod
604 1401 644 1460 ad
668 1398 874 1459 christianam
898 1401 1100 1462 concordiam
1123 1404 1264 1479 prodest.

175 1508 211 1567 Et
240 1507 345 1566 adhuc
375 1505 473 1564 otiero
510 1519 561 1562 me
599 1519 670 1562 cum
706 1503 815 1562 debita
847 1505 1030 1564 reverentia
1059 1521 1135 1583 erga
1163 1509 1194 1566 G.
1218 1507 1256 1566 M.
1281 1508 1329 1576 V,

108 1609 178 1684 quod
200 1627 260 1668 non
284 1624 399 1667 recuso
423 1605 595 1665 convenire
619 1622 691 1664 cum
713 1604 805 1673 aliis,
837 1612 987 1680 quantum
1017 1608 1144 1668 omnino
1174 1626 1245 1670 cum
1267 1610 1329 1669 deo

107 1719 131 1768 et
150 1714 228 1771 bona
251 1708 450 1770 conscientia
472 1708 544 1767 fieri
567 1714 684 1783 potest.
738 1706 776 1765 Et
802 1721 842 1766 ex
865 1724 1084 1783 supervacuo,
1120 1727 1225 1786 neque
1249 1711 1329 1772 chri-

23 1873 24 1878 ,
106 1815 228 1873 stianum
251 1813 438 1881 concilium,
463 1811 496 1870 in
520 1811 604 1885 quod
628 1810 794 1878 consensi,
817 1809 959 1886 defugio.
996 1815 1040 1873 Ac
1063 1828 1159 1889 spero
1184 1815 1223 1874 de
1239 1815 1328 1875 boni·

23 1931 24 1966 ὲ
105 1923 159 1974 tate
181 1917 233 1976 dei
258 1918 410 1983 laturum,
433 1921 468 1974 ut
491 1914 523 1973 in
547 1915 606 1972 hac
629 1911 756 1988 placida
777 1911 968 1982 collatione,
999 1923 1052 1975 aut
1084 1924 1170 1976 certe
1200 1917 1232 1977 in
1257 1935 1329 1977 con-

23 2063 24 2068 .
105 2019 170 2078 cilio
191 2035 351 2094 nunquam
374 2017 597 2078 convincamur
620 2031 678 2090 per
701 2013 874 2089 scripturas
891 2023 1033 2088 sanctas,
1056 2020 1141 2093 quod
1155 2036 1213 2097 per
1227 2037 1330 2082 meam

23 2125 24 2132 ’
106 2128 131 2179 et
150 2122 386 2182 coniunctorum
409 2135 550 2179 meorum
574 2117 810 2178 confessionem
833 2119 1042 2178 strationem
1071 2122 1235 2184 doctrinae
1258 2125 1328 2183 sub·

23 2197 25 2236 *
105 2223 259 2299 scriptam,
294 2239 344 2281 me
368 2241 386 2282 a
412 2221 546 2280 veritate
576 2219 630 2278 dei
661 2225 692 2278 et
715 2238 734 2278 a
759 2219 846 2278 Caes.
871 2218 909 2278 llll.
933 2221 970 2279 V.
1000 2227 1147 2297 tanquam
1179 2242 1330 2301 supremo

23 2323 24 2332 ’
106 2325 262 2384 delensore
287 2324 528 2383 christianormn
554 2319 815 2381 abalienaverim.

178 2427 214 2486 m
239 2428 266 2486 si
291 2445 352 2501 qua
375 2427 407 2486 in
430 2441 465 2484 re
489 2425 668 2485 admonitus
686 2425 800 2493 -luero,
831 2424 915 2497 qttod
939 2426 989 2483 vel
1022 2441 1081 2503 ego
1111 2427 1234 2504 aliquid
1260 2447 1329 2492 sen.
1399 2464 1404 2472 .

23 2511 24 2516 ἵ
105 2528 186 2599 tiam,
209 2531 263 2588 vel
287 2531 438 2590 doceatur
461 2535 515 2588 aut
538 2527 717 2586 institutum
741 2525 833 2586 sitin
859 2542 928 2586 mea
947 2527 1071 2588 ditione
1085 2531 1205 2606 aliquid
1221 2540 1330 2595 contra

23 2617 26 2684 ἶ
105 2629 187 2690 deum
210 2649 247 2691 ac
270 2633 401 2690 verbum
426 2627 493 2712 et³)
517 2629 748 2689 ordinationem
772 2629 841 2696 dei,
865 2628 926 2688 deo
951 2629 1046 2690 dante
1069 2632 1115 2690 sic
1139 2649 1329 2711 megaram,

24 2765 25 2800 ;
106 2733 354 2806 quemadmodum
378 2733 580 2792 hauddubie
604 2738 636 2790 et
659 2731 716 2790 alii
739 2731 803 2789 mei
827 2732 988 2792 coniuncti
1012 2731 1146 2804 facient,
1171 2753 1210 2795 ne
1235 2739 1266 2797 d.
1290 2740 1329 2798 M.

105 2835 132 2892 V.
153 2843 202 2896 aut
227 2837 285 2896 alii
308 2837 451 2895 iudicare
476 2834 618 2910 possint,
655 2834 737 2908 quod
769 2849 826 2908 per
850 2835 1066 2896 curiositatem
1091 2838 1214 2914 cupiam
1238 2858 1331 2904 mea

24 2955 25 2960 ¹
105 2940 188 2998 verbo
215 2947 247 2997 et
272 2939 472 2998 ordinatione
496 2935 567 3004 dei,
593 2936 829 2995 etacatholica
852 2935 997 2997 Ecclesia
1019 2940 1084 2998 ulla
1109 2941 1140 2999 in
1164 2960 1198 3000 re
1223 2960 1329 3020 segre·

24 3023 25 3036 ¹
106 3053 182 3116 gare:
207 3041 263 3099 sed
289 3040 511 3115 multomagis
536 3039 619 3112 quod
645 3039 768 3112 cupiam
798 3054 839 3096 ex
870 3045 936 3097 toto
961 3041 1065 3100 animo
1090 3044 1178 3104 iuxta
1200 3048 1330 3106 verbum

25 3179 26 3224 3
107 3147 131 3198 et
152 3144 379 3203 ordinationem
405 3143 458 3201 dei
484 3159 550 3200 cum
576 3141 737 3201 catholica
759 3141 902 3200 Ecclesia
927 3143 1055 3201 sentire.

25 3233 26 3256 ³
178 3247 348 3305 Praeterea
372 3264 452 3320 opus
466 3249 526 3304 'est
548 3245 692 3320 inprimis
707 3261 917 3320 cognoscere,
943 3263 1021 3319 qrros
1038 3250 1187 3308 articulos
1205 3257 1329 3310 nostros

107 3345 153 3403 alii
175 3363 361 3422 oppugnare
383 3348 499 3415 velint,
531 3354 564 3406 ut
588 3347 729 3407 vicissim
754 3345 957 3405 christianam
991 3356 1021 3404 et
1046 3351 1260 3410 necessariam
1283 3369 1329 3410 ra-

107 3446 212 3510 tionem
236 3450 372 3509 reddere
395 3448 574 3525 possimuS,
606 3450 868 3524 quemadmodum
898 3452 928 3508 in
954 3451 1016 3507 line
1040 3453 1252 3512 confessionis
1278 3469 1330 3513 ex-

26 3529 27 3542 *
107 3549 214 3612 hibitae
240 3571 297 3612 nos
329 3552 516 3622 obtulimus,
549 3553 577 3612 si
603 3553 657 3612 dei
679 3552 836 3612 beneficio
868 3553 996 3612 articuli
1026 3555 1091 3623 illi,
1122 3556 1177 3628 qui
1208 3563 1331 3616 contro-

108 3659 257 3715 vertuntur
289 3661 320 3714 el
349 3657 387 3714 ab
417 3656 490 3715 aliis
521 3662 743 3731 oppugnantur
779 3655 841 3713 iam
878 3655 910 3714 in
944 3656 1004 3714 hoc
1032 3665 1209 3726 conventu,
1243 3660 1332 3719 iuxta

26 3749 27 3816 j
109 3755 269 3830 scripturas
293 3765 418 3819 sanctas
442 3759 481 3818 ad
504 3775 598 3818 unam
620 3758 787 3816 veritatem
810 3757 919 3818 reduci
934 3765 1081 3832 possent,
1106 3758 1194 3819 iuxta
1211 3760 1329 3828 literas,

110 3853 211 3938 quibus
233 3867 409 3920 conventus
433 3860 591 3920 indicitur.

182 3963 364 4039 Quanquam
390 3965 474 4022 enim
498 3964 529 4021 in
554 3961 700 4022 omnibus
722 3963 817 4022 rebus
841 3964 988 4030 omnino,
1017 3979 1099 4037 quae
1122 3980 1190 4022 cum
1213 3964 1274 4023 deo
1299 3970 1331 4022 et

109 4061 180 4122 bona
206 4065 404 4126 conscientia
433 4066 504 4124 fieri
535 4072 686 4139 possunt,
717 4081 862 4139 quaeque
893 4066 931 4124 ad
953 4067 987 4124 V.
1014 4067 1047 4124 C.
1071 4066 1108 4125 M.
1140 4073 1171 4124 et
1202 4066 1332 4142 Imperii

114 4209 299 4230 “Q—n·—

184 4305 209 4366 l)
233 4303 304 4370 fieri]
325 4306 365 4356 sic
386 4304 477 4371 Chytr.
499 4312 525 4355 et
546 4305 679 4365 Goelest.;
700 4305 778 4357 dod:
801 4303 876 4396 farri·

182 4403 208 4468 2)
231 4407 426 4473 reducantur‚]
446 4409 486 4458 sic
506 4406 571 4459 God.
593 4414 620 4458 et
639 4407 772 4468 coelest.;
792 4407 898 4472 Chytra
919 4407 1097 4469 deducantur,

28 4567 29 4586 ἶ
183 4505 209 4570 3)
233 4524 265 4560 ac
287 4510 399 4563 verbum
424 4509 462 4576 el]
488 4511 528 4582 sic
548 4511 629 4572 God.;
662 4511 768 4576 cupa:
795 4527 824 4562 ao
848 4509 961 4560 verbum
987 4515 1049 4571 aut;
1076 4507 1211 4562 coelest:
1239 4517 1334 4562 contra

28 4631 29 4646 ,
112 4587 209 4642 verbum
228 4610 260 4646 ao

1130 4681 1176 4744 5*
