3064 5206
510 349 754 403 mranrunnrr
773 348 856 402 anm
880 353 953 405 rana
1284 325 1350 404 ’Μ

157 507 366 591 Amphtruo
386 503 482 586 Regi
495 503 677 566 'Belemina
705 502 899 568 Archidami
919 503 1090 567 Arrstra‘oec
1111 517 1143 564 ot
1164 502 1306 566 Dominio
1349 563 1352 566 .

557 628 615 670 aaa
638 605 905 670 Clementisrtmo.

366 725 542 809 Philippus
566 722 774 788 Melouchea.

198 885 228 943 S.
246 884 278 942 D.
321 883 437 958 lnclyle
461 887 492 940 et
514 880 727 942 serenissime
746 881 823 952 Rex,
846 881 980 942 Domine
997 881 1262 944 Clementissime.
1294 865 1350 940 ltiss

7 989 8 992 ’
115 983 257 1044 rabiliter
290 989 321 1042 et
351 981 474 1074 colligit
506 987 538 1041 et
566 990 671 1044 servat
705 981 804 1042 Filius
832 984 893 1064 Dei
930 983 1084 1046 Dominus
1115 994 1223 1049 noster
1257 983 1348 1044 lesus

7 1135 8 1140 ,
114 1087 257 1146 Christus
278 1083 454 1146 Ecclesiam
470 1095 630 1148 aeternam
654 1083 738 1159 inter
754 1084 891 1164 imperia
907 1085 1104 1149 horribiliter
1120 1083 1349 1168 tumultuantia,

115 1189 144 1248 in
170 1189 230 1248 hac
256 1187 328 1248 vila.
383 1185 421 1245 El.
444 1187 601 1248 interdum
624 1187 711 1248 addit
732 1187 896 1250 Ecclesiae
918 1191 1075 1250 salutares
1093 1189 1196 1266 Reges
1219 1194 1253 1246 el
1267 1187 1347 1250 Prin-

114 1291 213 1367 cipeS,
248 1297 283 1350 ut
312 1289 502 1368 propagatio
526 1287 691 1350 doctrinae
716 1289 818 1367 magis
841 1291 912 1352 fieri
937 1292 1049 1366 possit.
1094 1290 1187 1351 Tales
1223 1290 1349 1351 luerunt

111 1392 224 1466 David,
255 1391 413 1460 Salomon,
444 1390 612 1467 iosaphat,
642 1389 788 1459 uranias,
819 1392 929 1462 iosias,
960 1395 1080 1468 Cyrus,
1112 1388 1348 1460 Constantinus,
1398 1413 1400 1417 ·

114 1492 315 1553 Theodosius
340 1499 372 1551 et
395 1492 453 1553 alii
476 1493 612 1570 quidam.
657 1492 739 1554 Huic
761 1494 879 1564 coetui,
903 1493 958 1574 qui
982 1503 1013 1554 et
1035 1496 1103 1557 Deo
1128 1510 1218 1558 carus
1242 1497 1301 1552 est·
1316 1493 1347 1552 in

112 1602 178 1656 lota
200 1595 402 1665 aeternitate,
427 1604 459 1654 et
482 1592 631 1656 salutaris
654 1596 714 1655 fuit
737 1593 913 1666 Ecclesiae,
952 1605 983 1658 ul
1014 1605 1045 1656 ut
1070 1597 1202 1674 Regiam
1221 1595 1263 1656 M.
1290 1593 1348 1652 Ve-

112 1705 206 1759 stram
231 1697 381 1776 adiungat
405 1697 500 1758 Filius
523 1696 594 1768 Dei,
629 1705 696 1757 toto
726 1713 798 1757 eum
821 1705 952 1773 pectore
983 1717 1049 1759 oro.
1094 1696 1146 1760 Sic
1170 1698 1200 1756 in
1227 1696 1347 1756 Paulum

112 1802 317 1861 concionatur
340 1801 425 1860 Dens
462 1800 625 1877 Regibus:
671 1797 731 1870 „Et
753 1817 835 1860 nunc
858 1801 962 1878 Reges
994 1798 1176 1878 intelligite.
1214 1795 1348 1872 Aperite

113 1911 221 1979 portas
244 1902 404 1980 Principes
428 1913 583 1967 vestras“
628 1899 760 1962 Omnino
785 1903 847 1963 iam
870 1922 950 1980 opus
975 1912 1023 1962 est
1045 1903 1190 1979 Europae
1203 1902 1349 1968 llomino,

113 2008 168 2082 qui
193 2005 225 2066 in
251 2004 347 2066 tantis
370 2005 512 2066 tenebris
536 2003 733 2075 Pontificum,
762 2006 803 2065 de
827 2004 993 2066 Ecclesiae
1016 2008 1118 2066 salute
1143 2005 1280 2082 cogitet,
1317 2009 1350 2063 et

110 2113 275 2172 mullorum
300 2116 421 2170 urentes
445 2111 612 2169 intuentur.
658 2111 719 2168 Oro
743 2115 847 2169 autern
882 2111 985 2184 ipsum
1009 2108 1123 2168 Filium
1148 2107 1204 2167 Dei
1244 2102 1351 2167 Domi-

111 2232 183 2273 nmn
197 2221 338 2272 nostrum
361 2213 465 2272 lesum
481 2211 635 2274 Christum
659 2211 840 2272 crucifixam
866 2230 921 2288 pro
945 2213 1048 2280 nobis,
1073 2219 1105 2271 et
1128 2210 1349 2270 resuscitatum

110 2317 280 2376 Custodem
304 2313 470 2375 Ecclesiae
494 2331 581 2384 suae,
616 2322 650 2374 nl
673 2316 710 2374 bl.
727 2315 763 2372 V.
787 2330 913 2388 semper
935 2316 1100 2390 gubernet,
1137 2321 1167 2372 el
1190 2317 1350 2388 protegat,

112 2427 144 2478 el
166 2417 274 2487 laniat,
311 2426 347 2477 ut
378 2419 413 2478 lt.
438 2417 473 2477 V.
503 2420 545 2476 sit
576 2435 727 2497 organum
750 2420 889 2479 salutare
921 2419 1093 2479 universae
1115 2413 1280 2476 Ecclesiae
1310 2413 1349 2474 ad

110 2520 343 2600 posteritatem.
376 2521 460 2580 ldem
484 2519 571 2580 veris
586 2520 758 2598 gemitibus
782 2528 812 2580 et
836 2519 985 2598 precibus
1010 2526 1122 2595 petere
1147 2514 1349 2592 multospios

112 2626 258 2685 homines
295 2641 355 2684 non
378 2621 498 2684 diabilo.
543 2623 630 2683 Bene
662 2632 696 2683 et
729 2625 868 2684 loliaiter
901 2625 1007 2683 valeat
1040 2619 1203 2681 celsitado
1227 2620 1348 2677 Vestra.

111 2724 172 2787 Die
196 2727 228 2792 l.
253 2725 325 2786 lulii
352 2727 442 2788 labb.

630 2877 834 2894 ψ-ι-ι--Ι

113 3019 184 3076 ltl.
222 3021 276 3075 No.
289 3017 400 3076 ababa
445 3022 522 3096 (Vol.
538 3021 619 3078 VIII.
641 3039 669 3092 p.
687 3016 772 3098 826.)
1213 3017 1261 3075 24.
1276 3021 1350 3088 Aug.

219 3103 376 3128 M
1221 3106 1342 3130 Μ

631 3195 762 3264 Caruili
787 3195 835 3263 Ν.

179 3345 266 3398 Huius
285 3344 417 3408 epistolae
439 3345 617 3412 apographon
637 3359 652 3392 a
673 3343 797 3394 Conrado
812 3343 918 3394 Ulmero
938 3357 971 3392 ax
985 3341 1157 3406 autographo
1165 3339 1351 3390 Melauchtlro·
1382 3403 1385 3409 Ι

215 3431 258 3480 nis
287 3429 388 3480 lactum
413 3435 439 3478 ot
462 3429 518 3480 l'ero
543 3429 646 3481 decimo
667 3445 736 3480 auno
763 3435 827 3496 post
850 3429 968 3480 auctoris
987 3431 1100 3478 mortam
1134 3424 1223 3476 literis
1243 3423 1351 3474 udlial·

218 3517 352 3582 liugcrum
371 3517 463 3568 latiaris
482 3517 615 3567 insertum
635 3520 686 3566 est.
722 3515 778 3566 Has
797 3514 913 3566 Conrodi
932 3514 1034 3574 literae,
1053 3524 1120 3576 quae
1140 3514 1167 3565 ‘ru
1185 3509 1350 3562 collectione

216 3603 376 3654 Simleriaua
395 3602 524 3665 Tiguriua
542 3602 584 3666 (S,
604 3597 669 3654 Mac.
689 3597 748 3670 88.)
768 3605 947 3663 asservantur,
973 3600 1040 3650 milri
1067 3597 1262 3650 describendas
1282 3595 1351 3644 Clas.

214 3689 379 3752 Voegolluus
397 3688 514 3753 benigna
533 3689 647 3740 curavit.

241 3825 395 3909 Epistola
420 3823 566 3890 Conrudr'
591 3825 720 3890 Ulmera'
740 3824 887 3910 Schaph.
910 3826 957 3886 od
979 3801 1226 3908 Bulla'nparum.

272 3966 457 4026 Veneranda
480 3963 512 4024 in
537 3966 663 4026 Christo
687 3974 785 4042 paler.

200 4085 361 4162 Cogitanti
384 4083 462 4144 mihi
486 4084 526 4143 de
549 4083 716 4160 Colloquio
740 4085 973 4160 Theologorum
1005 4079 1163 4150 instituto,
1194 4081 1276 4140 forle
1307 4081 1352 4138 in-

116 4189 194 4253 cidit
218 4187 361 4266 Rpistola
381 4189 418 4248 D.
442 4186 581 4264 Philippi
608 4185 816 4248 btelontnonis
850 4181 1131 4262 piaememoriae,
1164 4189 1350 4258 praceepto-

117 4291 159 4352 ris
182 4291 258 4359 mci,
283 4298 356 4351 ante
380 4289 569 4350 decennium
592 4291 630 4351 ad
655 4291 803 4349 couritem
832 4285 912 4347 mibi
935 4285 1135 4347 notissimum
1159 4283 1288 4362 scripta,
1320 4285 1351 4344 iu

118 4411 178 4470 qna
200 4395 284 4454 haud
311 4395 445 4454 obscure
469 4409 559 4454 stum
579 4393 624 4452 de
641 4390 839 4454 ambariana
861 4389 1051 4450 sententiam
1076 4396 1108 4448 et
1132 4390 1171 4447 de
1193 4387 1352 4463 colloquio

117 4515 204 4574 spem
231 4495 380 4574 explicat.
427 4496 500 4559 Earn
525 4498 594 4566 tibi,
618 4495 701 4557 sicut
726 4513 763 4556 ex
787 4495 985 4570 autographo
1010 4493 1178 4566 descripsi,
1208 4493 1239 4552 in
1263 4506 1352 4566 prae·

116 4600 220 4662 sentia
244 4599 346 4662 millo.
393 4599 495 4663 Verba
518 4607 607 4664 sunl:
