3102 5202
653 235 670 278 l

450 331 697 398 surrentinum
716 317 803 397 anni
820 347 895 401 rosa.
1220 321 1287 400 'trs

65 498 171 568 odium,
195 499 450 568 contentionem,
466 496 729 561 et'intlexibilcrn
754 499 971 577 pertinaciam:
998 499 1102 561 ¹Unde
1133 501 1193 562 ianr
1223 504 1286 564 Do·

63 601 167 669 rninus,
190 599 288 662 iudex
313 599 428 671 iustus,
451 601 682 672 Diocletianos‚
707 600 949 664 Maximinianos
974 607 1006 660 et
1028 603 1207 666 Maxentlos
1222 605 1285 667 ‘Ec-

62 703 153 762 leslae
177 719 234 763 ceu
259 697 442 788 ἀλάστορας
478 703 633 774 immittit,
671 705 811 781 Paplstas
836 703 1078 782 putasae-ymas
1102 713 1134 766 ct
1157 707 1284 778 Turres,

62 823 132 881 quos
154 813 241 867 tanto
256 807 387 868 saevius
412 809 444 868 in
454 804 630 869 Ecclesiam
654 805 795 883 alioquin
821 805 969 868 alliictam
995 806 1085 879 satis,
1109 798 1285 887 irrupturos

62 922 164 968 vereor
194 907 295 986 magis
319 915 413 985 atque
437 907 548 986 magis,
573 915 691 984 quanto
715 906 855 969 atrocius
886 907 1186 986 implacabiliusque
1215 929 1284 973 sae-

62 1008 165 1070 vierint
194 1009 250 1070 illa
276 1011 549 1072 nostrorum'odia
573 1007 807 1090 implacabilis,
845 993 887 1070 ct⁸
905 1007 1042 1072 dissidia
1079 1013 1284 1090 semetipsis

61 1110 184 1172 subinde
205 1115 338 1178 maiora.
381 1113 468 1175 Nintt
490 1115 544 1174 hic
567 1112 668 1176 dicam
699 1114 739 1173 de
762 1112 904 1174 moribus
925 1112 1016 1190 vulgi
1038 1117 1193 1192 corrupti,
1233 1118 1286 1176 de-

62 1230 115 1288 quo
134 1213 317 1291 impuritate
341 1223 373 1277 ot
395 1217 531 1294 prodiga
553 1217 689 1278 avaritia
712 1230 831 1285 eorum,
856 1215 910 1292 qui
934 1217 1018 1277 inter
1040 1217 1155 1304 fideles
1179 1221 1285 1281 excel-

62 1320 119 1377 lcre
142 1299 261 1379 volant.
280 1317 428 1380 ''Novum
451 1336 528 1380 vcro
563 1339 625 1380 non
657 1328 715 1390 ast,
740 1319 786 1379 'si
814 1318 967 1381 Dominus
984 1318 1169 1382 uindictam
1198 1339 1286 1383 suani

61 1419 238 1496 auspicetur
258 1439 277 1484 a
300 1424 393 1485 domo
419 1438 483 1485 sua.
530 1423 630 1484 Simul
663 1423 746 1483 enim
770 1423 942 1499 punientur
965 1421 1210 1486 antichristiani
1234 1425 1287 1488 Pa-

61 1522 166 1598 pistae,
190 1527 363 1603 punientur
386 1535 417 1588 ct
440 1525 560 1604 impiae
583 1544 620 1588 ac
644 1526 793 1587 barbarae
819 1533 938 1602 centes,
968 1527 1064 1589 sicuti
1088 1536 1119 1589 'ct
1142 1529 1219 1590 olim
1241 1529 1287 1591 ia·

61 1635 133 1686 cturn
157 1645 285 1704 quoque
308 1629 466 1700 videmus,
497 1629 619 1706 quando
651 1629 708 1690 sub
732 1627 930 1703 Principibus
954 1628 1112 1699 Romanis,
1134 1629 1285 1708 gravissi-

61 1727 114 1790 rnis
135 1731 413 1806 persecutionibus
436 1738 634 1808 premeretur
656 1711 803 1792 Ecclesia
823 1729 954 1801 curisti,
988 1731 1125 1794 interim
1145 1747 1222 1797 uero
1254 1743 1286 1796 et

62 1829 213 1908 Principes
237 1833 381 1905 Romani,
406 1851 474 1896 cum
498 1833 567 1896 suis
591 1831 783 1896 exercitibus
808 1835 932 1896 mutuis
954 1837 1160 1898 conciderent
1183 1839 1287 1900 caedi-

63 1933 119 1992 bus.
162 1932 252 1994 Cedit
276 1935 406 1998 titillatio
430 1937 510 1998 haec
531 1934 649 1999 Divina
680 1933 744 2012 piis
773 1945 900 2011 semper
929 1935 1212 2014 adprobationem
1234 1943 1286 2002 vel

63 2037 318 2110 emandationem,
341 2037 407 2100 nisi
431 2046 462 2101 et
485 2039 549 2114 ipsi
572 2041 603 2101 in
626 2035 731 2100 medio
763 2037 832 2115 igni
862 2042 973 2100 oculos
996 2041 1122 2117 aperire
1144 2059 1203 2120 per
1224 2045 1286 2106 Dei

62 2137 185 2212 gratiam
207 2139 320 2210 nolint,
360 2139 457 2203 sicuti
480 2149 513 2202 et
544 2139 657 2218 impiis
680 2145 836 2218 perpetuo
860 2139 899 2200 ad
923 2134 1086 2203 interitum
1109 2145 1202 2206 cedit.
1233 2129 1286 2208 'ut

63 2239 179 2313 quidem
202 2243 457 2305 commemoratio
482 2252 513 2304 et
527 2240 762 2320 contemplatio
785 2241 922 2303 tristium
945 2245 1089 2320 profecto
1112 2247 1221 2309 harum
1238 2267 1284 2310 re-

63 2359 118 2401 rum
140 2359 202 2403 non
225 2351 334 2420 potest
357 2343 430 2421 pios
454 2359 514 2406 non
540 2343 722 2406 excruciare
746 2361 838 2420 quarn
857 2328 1149 2408 venerantissimo
1195 2351 1286 2413 Cete-

64 2462 120 2504 rum
142 2463 211 2507 curn
235 2448 317 2508 tales
332 2447 395 2510 sint
418 2447 636 2510 secati'nostri
659 2445 778 2518 mores,
798 2449 910 2523 quales
928 2463 1001 2509 esso
1018 2451 1198 2528 experimur
1215 2471 1286 2516 cum

64 2543 161 2608 dolore
184 2555 217 2608 et
239 2541 564 2626 indignationeque
583 2533 718 2610 obsecro
741 2567 760 2610 a
774 2549 909 2611 Domino
925 2551 1019 2613 iusto·
1033 2559 1284 2630 expectaremus.

64 2645 91 2706 ln
111 2649 159 2710 his
182 2659 294 2712 tamen·
309 2653 457 2713 omnibus
480 2637 660 2714 consolatur
682 2651 760 2712 illud
784 2669 877 2727 quarn
899 2652 1048 2727 maxi-rac,
1072 2657 1156 2731 qaod
1179 2661 1284 2734 palam

65 2751 195 2813 videmus
230 2753 293 2816 ista
327 2756 432 2816 omnia
465 2756 555 2817 nobis
590 2753 754 2832 praedicta
777 2767 849 2815 csse
883 2760 920 2818 ab
944 2759 1016 2834 ipso
1038 2759 1176 2820 Domino
1201 2759 1284 2832 Iesu,

64 2852 190 2930 denique
228 2859 406 2920 avetustis
429 2858 710 2934 illis³Divinisque
732 2855 912 2934 Prophetis,
951 2864 982 2922 e't
1015 2863 1053 2923 ab
1078 2863 1191 2924 electis
1214 2883 1284 2926 san-

64 2956 268 3036 ctissimisque
293 2963 362 3022 cius
377 2961 555 3036 Apostolls,
581 2963 638 3036 qul
660 2959 863 3022 suavissimis
877 2950 1152 3026 consolationibus
1176 2965 1208 3026 in
1222 2973 1284 3026 tnr-

65 3061 104 3120 bis
124 3062 184 3124 illis
209 3067 391 3126 laborantes
416 3065 530 3126 lldcles
565 3065 689 3142 erigunt
719 3071 814 3139 atque
835 3065 1029 3126 'continuant
1075 3063 1183 3142 Neque
1207 3085 1284 3130 uero

65 3179 159 3236 pamm
182 3165 415 3228 consolationis
440 3175 471 3228 et
493 3167 572 3227 ittad
595 3165 708 3236 adfert,
732 3166 816 3241 quod
839 3169 1002 3242 speramus
1025 3182 1087 3230 non
1101 3173 1285 3244 proculab-

65 3277 125 3326 cssa
157 3269 243 3328 diem
266 3269 359 3328 illam·
377 3255 516 3340 Domini,
546 3268 698 3330 *omatibus
723 3269 840 3328 sanctis
865 3255 1152 3344 exoptatissimum,
1187 3264 1284 3346 diem,

64 3366 186 3444 inquam,
222 3369 453 3448 redemptionis
477 3377 615 3442 nostrae,
648 3375 686 3432 aa
709 3369 936 3452 restitutionis*
957 3369 1104 3432 omnium.
1128 3373 1286 3438 ¹‘Proinde

63 3469 161 3533 fideles
184 3489 296 3534 omncs
319 3473 465 3550 vigilant,
489 3481 521 3534 et
544 3475 755 3550 deprecantur
777 3473 896 3534 scdulo·
910 3473 1088 3545 Dominum}
1125 3485 1158 3536 at
1188 3479 1285 3541 liceat

64 3567 133 3646 ipsis
155 3590 306 3654 superare
331 3584 364 3637 ct
387 3577 530 3654 effugere
552 3577 635 3638 mala
657 3578 720 3638 ista
743 3575 897 3653 postremi
920 3577 1020 3638 nostri
1042 3581 1144 3640 seculi
1167 3583 1283 3654 omnia,

65 3682 188 3740 etstara
222 3679 421 3754 antefilium
443 3660 593 3741 uomitus.
638 3679 718 3751 Quid
746 3681 892 3742 'sentiam
928 3681 976 3742 de'
996 3683 1207 3759 responsione
1230 3692 1285 3747 tua

65 3778 95 3836 ad
114 3783 262 3844 articulos
285 3781 508 3860 inquisitionis
531 3784 714 3854 Bavaricae,
738 3782 899 3860 intelliges
924 3796 964 3844 ex
986 3783 1095 3846 libello
1119 3802 1190 3846 meo
1208 3788 1283 3848 Gcr-
1314 3781 1318 3792 ’

65 3886 183 3958 uranico,
206 3901 268 3962 quc
295 3894 327 3946 et
350 3886 423 3962 ipse
446 3885 562 3946 iisdem
584 3885 651 3946 illis
674 3885 835 3960 respondi,
874 3893 966 3961 quem
990 3903 1085 3962 spero
1101 3886 1167 3949 ¹tilti
1190 3887 1280 3976 Fran

65 3985 190 4051 cotardia
211 3973 341 4052 missum
364 4000 436 4050 esse
459 4007 478 4050 a
500 3989 714 4050 Frcschovero
739 3996 858 4058 nostro,
895 3987 950 4064 qai
989 3988 1051 4050 ltoc
1083 4005 1118 4050 se
1142 3991 1281 4052 fideliter

65 4086 201 4155 iacturam
222 4087 381 4172 promisit.
428 4092 540 4153 Varum
564 4092 670 4164 ptores
693 4092 733 4152 ad
751 4107 801 4150 me
825 4091 916 4150 missi
940 4081 1011 4150 sunt
1034 4090 1171 4162 articuli,
1190 4100 1282 4169 quiam

66 4191 174 4257 rideam
195 4206 229 4259 te
251 4198 441 4274 occepisse,r
467 4177 534 4257 nisi
569 4208 627 4270 per
650 4199 703 4254 tua
723 4194 855 4269 'negotia
890 4193 929 4252 ad
952 4209 1062 4254 ornnes
1079 4183 1281 4272 respondere

67 4297 199 4362 nolucris.
237 4283 413 4360 tuentur
446 4299 487 4358 ed
503 4295 624 4356 ’lleV.='
647 4301 767 4356 tanturn
797 4293 1005 4369 respondisti,
1044 4309 1105 4372 ego
1123 4310 1210 4380 'uero
1243 4299 1283 4359 ad

66 4394 126 4459 titt.
144 4401 309 4479 respondi:
333 4409 404 4463 cum
418 4405 521 4463 tanton
540 4397 633 4477 prius
654 4400 688 4458 in
704 4399 810 4460 charta
825 4396 1010 4459 Germanica
1032 4397 1127 4458 multo
1142 4397 1283 4484 plures'¹)

67 4533 253 4552 5——

154 4587 179 4673 1i
191 4579 262 4662 'sarr
281 4575 473 4674 alisiana,
491 4580 563 4664 alni.
582 4574 669 4681 carp,
685 4606 745 4681 aar.
764 4584 814 4693 ix..
826 4575 1032 4681 p,cao-'u42'.',
1077 4571 1111 4673 ‘J
1160 4652 1163 4660 ,
