3152 5208
681 351 864 408 arcannm.
1333 333 1395 404 aab

156 513 259 592 pacis,
283 512 432 592 qualique
456 519 488 574 et
511 511 629 589 alioqui
653 511 685 572 in
706 509 766 571 hae
789 526 885 572 causa
906 510 1012 572 animo
1036 525 1164 587 semper
1187 508 1396 580 fuerimver·

155 606 206 670 bis
232 626 295 668 ram
317 633 379 675 non
402 615 605 690 praedicabo,
629 614 750 690 quando
777 609 904 688 quidem
928 613 960 674 in
973 612 1090 689 prioris
1102 610 1267 688 Epistolae
1290 608 1395 681 initio,

156 714 262 774 reales
286 717 333 792 (ut
356 712 401 773 ita
424 711 537 784 dicam)
563 723 595 772 et
620 715 787 776 evidentes
811 715 1095 780 demonstrationes
1123 713 1184 776 tibi
1218 716 1396 789 complures

156 817 295 879 ostendi.
338 816 387 876 De
409 813 568 892 Theupoli
606 812 705 894 igitur
737 813 882 892 Epistola
914 823 1060 894 tanquam
1083 834 1118 879 re
1141 803 1322 887 acerbiore,
1356 816 1396 875 de

156 937 219 996 qua
243 919 388 996 proxime
411 917 583 997 scripsisti,
607 935 689 978 nunc
713 919 818 978 studio
842 917 929 994 pacis
951 921 1142 996 praeteribo.
1190 919 1311 981 Canisii
1335 920 1396 980 cla·

155 1038 260 1082 mores
284 1029 392 1085 contra
415 1019 680 1082 intercessionem
703 1021 759 1082 filil
773 1020 832 1082 Dei
855 1021 922 1083 scio
939 1039 1005 1084 rem
1026 1021 1130 1102 magni
1145 1021 1297 1086 momenti
1314 1038 1397 1094 asse,

154 1125 344 1203 dignamque
366 1140 447 1201 quae
473 1125 636 1195 refutetur,
650 1126 732 1186 sicut
756 1123 953 1206 ethituani1)
976 1123 1143 1197 illius,sed
1169 1142 1229 1204 ego
1253 1109 1397 1188 neutrius

160 1229 277 1306 scripta
313 1229 353 1289 de
382 1229 443 1289 isto
467 1235 651 1306 argumento
687 1228 764 1290 uidi.
812 1228 911 1300 Quare
947 1228 1022 1307 quid
1056 1230 1096 1290 de
1130 1230 1250 1292 incerto
1274 1245 1398 1290 rumore

158 1327 356 1393 scriberem?
402 1331 437 1390 Si
460 1329 535 1406 quid
558 1329 705 1408 prodibit,
730 1330 876 1405 equidem
902 1331 984 1394 dabo
1007 1348 1148 1408 operam,
1178 1349 1219 1394 ne
1244 1333 1302 1394 sim
1325 1332 1398 1394 ulti-

155 1448 226 1494 mus
249 1431 466 1512 repugnando,
497 1433 574 1494 licet
597 1431 734 1494 omnium
761 1433 817 1492 sim
840 1432 980 1496 minimis
1003 1434 1095 1497 donis
1130 1453 1148 1499 a
1181 1436 1250 1497 Deo
1286 1433 1402 1498 instru-

156 1542 235 1598 ctus.
282 1536 500 1598 Relutavimus
522 1536 586 1596 hoc
608 1551 689 1596 anno
715 1535 785 1596 eius
809 1537 1007 1615 Catachesin,
1029 1537 1107 1600 lieet
1130 1540 1165 1600 R.
1188 1536 1262 1622 lat)
1287 1535 1401 1601 autori-

154 1643 222 1700 tate
246 1656 282 1699 ac
305 1639 502 1717 praefatione
529 1644 675 1714 tanquam
700 1637 844 1699 Achilleo
869 1641 1004 1715 quodam
1028 1644 1143 1718 clypeo
1166 1641 1287 1703 munita
1311 1659 1401 1703 orna·

158 1751 255 1818 taque
284 1748 379 1802 esset.
425 1739 505 1802 Olim
518 1738 667 1802 Sidonius
691 1738 724 1802 in
749 1758 807 1802 sua
831 1741 986 1804 concione
1009 1741 1132 1806 decima
1154 1741 1303 1804 dellissa
1327 1759 1401 1805 eun-

158 1847 231 1906 dem
258 1861 394 1906 errorem
418 1851 609 1915 asseruerat,
635 1844 791 1905 Christum
814 1863 877 1905 non
900 1843 1060 1922 precibus,
1086 1846 1142 1908 sed
1167 1851 1285 1933 tantum
1309 1843 1402 1906 meri·
1442 1862 1446 1867 ·
1509 1831 1512 1838 ’

159 1949 204 2009 tis
229 1967 287 2026 pro
312 1948 404 2009 nobis
429 1947 640 2008 intercedere.
685 1947 787 2019 Quare
825 1945 856 2008 in
883 1963 952 2009 mea
976 1965 1083 2010 earum
1107 1948 1294 2012 concionum
1316 1949 1403 2010 relu-

160 2049 285 2111 tatione
309 2047 456 2127 opposui,
489 2064 570 2126 quae
592 2054 657 2108 tum
681 2048 773 2126 potui
806 2047 888 2111 inter
911 2049 974 2111 alia
1011 2050 1107 2112 etiarn
1142 2049 1328 2113 illud-loen.
1356 2052 1402 2112 ll.

162 2155 265 2216 Orcho
288 2158 420 2229 patrem.
467 2153 581 2212 Contra
607 2151 792 2212 Osiandrum
817 2166 943 2227 quoque
968 2150 1112 2213 scribens
1146 2167 1246 2230 saepe
1270 2153 1310 2213 de
1332 2170 1405 2230 per·
1459 2141 1461 2145 ⁷

160 2265 260 2333 petuo
285 2256 465 2318 sacerdotio
489 2253 607 2315 Christi
632 2254 784 2332 cogitavi,
816 2272 853 2316 ao
877 2258 1024 2331 quantum
1047 2257 1138 2330 potui
1173 2257 1205 2317 in
1231 2257 1339 2318 libello
1364 2258 1404 2317 de

161 2359 287 2422 iustitia
309 2359 456 2428 disserui.
501 2359 614 2419 Verum
648 2373 775 2435 semper
807 2358 896 2419 visus
919 2375 986 2419 sum
1024 2356 1104 2420 mihi
1135 2359 1404 2437 animadvertere,

163 2481 234 2527 eam
258 2481 322 2524 rern
345 2464 482 2524 nondum
505 2462 581 2523 satis
606 2462 797 2540 explicatam
820 2477 902 2533 esse,
929 2477 1031 2538 eaque
1046 2460 1218 2523 collatione
1242 2461 1405 2523 doctorum

164 2569 319 2646 indigere.
365 2569 464 2627 laxat
497 2582 555 2626 nos
585 2580 660 2626 sane
686 2561 780 2625 etiarn
804 2562 1067 2625 Schuencleldius
1092 2564 1295 2636 eonomine,
1319 2566 1404 2641 quod

165 2688 236 2732 eam
259 2669 424 2731 materiam
447 2667 578 2730 nimium
603 2668 713 2728 ieiune
737 2674 918 2729 tractemus.
962 2666 1120 2730 Dedicavi
1144 2669 1240 2730 etiam
1263 2666 1404 2731 libellum

165 2775 317 2852 quendem
341 2773 519 2850 nainville,
554 2769 607 2848 qui
641 2769 689 2856 (ut
712 2770 823 2856 eredo)
857 2772 919 2833 iarn
949 2769 1108 2847 prodibit,
1140 2771 1175 2832 in
1198 2772 1289 2833 euius
1312 2787 1405 2850 prae·
1449 2821 1450 2824 η

165 2877 286 2941 latione
309 2890 381 2939 eum
402 2875 511 2937 monui
533 2893 570 2936 ac
583 2874 682 2952 oravi,
704 2883 740 2936 ut
762 2873 826 2936 sibi
849 2873 1071 2938 aservitianis
1085 2871 1408 2938 erroribus‘caveret.

252 3033 355 3104 Quare
378 3032 410 3092 in
434 3046 619 3107 quoeunque
643 3031 767 3090 demum
791 3035 873 3090 statu
895 3037 1002 3090 nostra
1031 3030 1094 3091 ista
1115 3030 1157 3091 lis
1179 3030 1292 3112 fuerit,
1315 3047 1407 3108 quam

169 3135 275 3198 tamen
299 3141 366 3196 toto
390 3139 516 3211 pectore
540 3133 595 3211 pie
618 3131 704 3193 finiri
728 3133 840 3211 cupio,
864 3149 925 3210 ego
949 3138 1052 3194 tamen
1076 3140 1246 3210 propterea
1269 3150 1331 3195 non
1354 3135 1407 3194 de-

170 3241 269 3302 sinam
279 3257 458 3301 communes
472 3237 609 3300 omnium
621 3243 797 3297 nostrarum
819 3235 1027 3298 Ecclesiarum
1049 3237 1161 3297 hostes
1189 3256 1246 3312 pro
1271 3253 1408 3298 mearum

171 3345 286 3406 virium
311 3342 466 3404 tenuitate
489 3355 683 3419 oppugnare,
708 3337 803 3399 etiam
827 3339 856 3399 si
878 3344 910 3400 te
935 3357 972 3400 ac
991 3337 1075 3401 alios
1100 3336 1197 3399 isthic
1221 3337 1349 3417 proprie
1372 3356 1430 3401 ac*

174 3464 213 3508 en
229 3449 375 3524 professo
399 3452 556 3524 peterent,
581 3445 663 3506 sicut
678 3442 835 3504 Osiander
857 3450 888 3503 et
904 3439 1141 3504 Stenckleldius
1163 3443 1317 3513 lecerunt,
1340 3459 1409 3502 cnm

169 3553 283 3632 quibus
318 3549 397 3611 mihi
431 3568 493 3610 non
527 3549 567 3608 de
589 3545 713 3622 caprina
733 3546 816 3616 lana,
839 3561 899 3607 neo
922 3546 1026 3607 facilis
1051 3546 1136 3605 lucta
1169 3541 1324 3605 hactenus
1349 3544 1410 3604 luit

171 3663 204 3717 et
230 3656 332 3718 adhuc
356 3660 418 3713 est.
463 3651 577 3711 Contra
597 3649 807 3726 posteriorem
832 3647 927 3710 etiam
951 3648 1096 3725 proxime
1132 3645 1220 3708 edidi
1236 3657 1239 3666 ¹
1254 3646 1409 3717 libellum,

170 3777 264 3838 quern
287 3758 388 3820 mitto.
424 3756 492 3816 Non
515 3755 678 3832 seiungam
700 3769 751 3813 me
777 3753 901 3830 inquam
924 3769 943 3811 a
965 3750 1181 3829 promovendo
1204 3747 1332 3824 publico
1355 3748 1410 3809 bo·

172 3883 214 3926 no
239 3862 303 3923 ulla
324 3859 447 3922 'ratione
472 3857 576 3919 studio
600 3864 654 3918 aut
677 3855 751 3917 odio
775 3855 949 3924 cuiusdam,
973 3853 1055 3915 sicut
1077 3851 1175 3930 aliqui
1197 3849 1325 3912 iaciunt.

260 4001 322 4062 Sed
352 3997 415 4061 iam
439 3998 477 4060 ad
501 3994 685 4058 molestiora
707 3996 859 4072 quaedam
883 3991 1065 4055 necessaria
1086 3998 1192 4053 tamen
1215 3989 1412 4058 accedamus,

172 4123 255 4186 quae
284 4112 318 4165 ut
341 4101 503 4182 patienter
537 4106 568 4160 et
603 4097 635 4159 in
659 4099 774 4159 timore
797 4097 857 4160 Dei
891 4097 1041 4176 perlegas
1064 4111 1101 4154 ac
1125 4093 1291 4170 expendas
1315 4089 1412 4168 pluri-

172 4227 257 4273 murn
283 4224 338 4268 oro
364 4223 401 4267 ac
424 4207 566 4267 obsecro.

277 4499 304 4569 1)
321 4475 395 4551 Perit
415 4498 539 4564 conyzae
558 4493 697 4548 Lithuani.

280 4603 308 4672 2)
326 4605 359 4659 R.
377 4605 413 4662 lt.
433 4604 452 4658 l.
471 4601 615 4668 allegiare
634 4598 798 4653 Maiestatis.
848 4611 850 4616 ·
