3072 5208
21 421 23 444 l

21 519 23 578 l

21 581 22 600 r

21 601 23 636 l

430 317 685 396 'snuetuuenru
704 341 788 403 auu
809 343 884 407 rara
1215 323 1283 399 m
1384 336 1387 344 '

78 503 113 556 est
132 513 196 576 ergo
213 499 319 572 Coena
331 495 354 581 ¹)
378 497 507 560 Domini
530 499 675 576 legitime
699 501 973 568 communicantes
995 498 1085 577 prius
1103 514 1177 563 esse
1193 497 1284 562 iusti-

21 637 23 686 p
77 600 160 661 lentos
181 608 211 662 et
233 600 409 678 participes
433 599 553 662 Christi
576 602 694 670 factos:
731 601 927 680 Participare
957 607 1063 662 antem
1093 603 1218 672 Coena,
1250 608 1284 664 ut

21 691 23 726 ³
75 703 203 778 accipiant
231 703 493 784 designationem
531 704 678 766 Iustitiae
715 704 825 776 Fidei,
861 703 1038 784 Sigillum,
1074 706 1217 780 inquam,
1252 712 1284 766 et

76 803 279 869 Testimonium
309 806 439 871 visibile
468 809 506 868 ab
537 805 611 886 ipso
639 809 778 870 Domino
809 807 1008 880 institutum,
1041 814 1072 868 et
1094 802 1282 884 testificares
1352 887 1354 891 ,

21 975 22 980 γ
74 909 171 968 Fideles
199 908 314 972 tradito
347 912 486 986 Corpore
520 916 552 971 et
581 912 652 972 fuso
684 911 846 988 Sanguine
878 911 996 972 Christi
1029 911 1220 974 iustificatos
1251 919 1283 970 et

21 1011 22 1080 j
73 1011 135 1069 lotos
155 1028 171 1072 a
192 1011 349 1087 peccatis,
387 1014 524 1072 urembra
557 1011 675 1074 Christi
702 1020 740 1092 'et
772 1013 931 1074 haeredes
962 1012 1100 1077 omnium
1129 1015 1282 1074 bonorum

21 1123 23 1134 ¹
73 1113 165 1172 Christi
191 1113 251 1174 iam
264 1112 289 1195 ²)
324 1130 397 1178 esse
427 1116 537 1179 factos.
595 1117 742 1178 Ceterum
774 1135 836 1193 non
864 1116 990 1178 institui
1020 1114 1083 1178 iam
1113 1115 1152 1175 de
1177 1117 1284 1180 Coena

72 1218 173 1277 Domini
193 1224 246 1278 aut
270 1218 310 1276 de
334 1217 541 1280 sacrementis
565 1219 743 1294 disserere3
780 1227 900 1282 tantum
931 1221 1012 1280 haec
1041 1235 1081 1280 ex
1112 1219 1282 1280 occasione

21 1311 23 1398 ζ
72 1317 128 1378 dixi.
168 1319 198 1380 Si
223 1327 330 1382 autem
353 1320 385 1382 in
409 1321 620 1382 Confessione
646 1323 701 1383 illa
725 1329 832 1383 nostra
859 1323 1013 1398 quaedam
1037 1322 1174 1382 nondum
1198 1323 1282 1384 clare

73 1429 94 1478 et
118 1424 266 1499 explicate
298 1423 377 1484 satis
408 1425 493 1486 dicta
528 1431 582 1485 aut
614 1441 758 1502 expensa
788 1425 1032 1507 videbuntur³),
1068 1427 1195 1502 plenius
1225 1444 1283 1486 nos

21 1535 23 1610 g
72 1523 199 1587 admoniti
228 1543 442 1604 exponemus:
476 1525 510 1588 Si
545 1544 620 1588 vero
654 1545 760 1588 errare
794 1525 955 1598 videmur,
991 1529 1128 1590 libenter
1162 1527 1283 1588 erudiri

21 1615 22 1682 l
72 1629 281 1692 sustinebimus.
317 1629 527 1708 Agnoscimus
542 1631 681 1694 Coenam
703 1633 833 1694 Domini
847 1632 1030 1708 Symbolum
1055 1647 1128 1691 esse
1145 1633 1282 1692 Consen-

71 1730 151 1792 sionis
173 1741 202 1797 et
226 1733 440 1805 Cmrcordiaei
472 1736 632 1797 vinculum
659 1734 800 1810 denique
831 1735 921 1796 Pacis
953 1742 985 1794 et
1007 1733 1163 1803 Unitotis,
1194 1733 1282 1794 ideo-

72 1849 116 1906 que
137 1835 218 1898 dolet
228 1835 255 1917 ⁴)
278 1836 371 1898 nobis
394 1837 487 1898 valde
510 1837 543 1898 id
567 1837 636 1916 rapi
661 1858 678 1898 a
702 1837 819 1898 Setaea
841 1845 871 1898 et
895 1837 1079 1899 hominibus
1095 1837 1283 1913 quibusdam

71 1936 125 2010 plus
145 1939 222 2002 satis
244 1942 440 2016 pugnacibus
464 1941 502 2000 ad
521 1943 679 2002 bellorum
696 1948 727 2001 et
743 1939 925 2002 discordiae
937 1937 963 2024 ⁸)
986 1942 1161 2002 materiam
1194 1940 1283 2002 Cum-

71 2039 159 2112 primis
188 2050 295 2104 autem
327 2062 367 2105 ex
396 2044 502 2106 animo
526 2044 715 2122 intimisque
738 2043 918 2105 viscoribus
949 2044 1067 2106 nostris
1091 2062 1162 2105 cum
1185 2045 1283 2104 emni-

70 2143 112 2201 bus
138 2147 293 2210 Christum
323 2147 358 2208 in
385 2149 520 2208 ueritate
559 2147 781 2210 invocantibus
814 2165 924 2208 manus
954 2154 986 2207 et
1016 2147 1128 2224 copias
1158 2154 1284 2208 nostras

71 2247 242 2326 coniungere
253 2247 278 2334 6)
310 2268 347 2310 ac
370 2271 426 2328 pro
449 2251 597 2313 Ecclesia
621 2251 739 2312 Christi
764 2245 877 2312 eontra
895 2250 1165 2312 Antichristianos
1195 2252 1281 2312 bella

70 2347 174 2412 homiui
196 2369 311 2428 gerere
334 2355 567 2431 suppetiasque
588 2355 713 2414 Sanctis
737 2354 821 2414 terre
845 2352 1008 2427 capimus:
1021 2351 1046 2435 ⁷)
1069 2352 1103 2411 ld
1125 2352 1209 2426 quod
1222 2351 1284 2412 tibi

70 2451 223 2530 praecipuo
258 2457 340 2517 Darei
377 2455 539 2518 exercitus
575 2455 705 2517 Demini
742 2457 882 2518 fraterna
918 2462 1025 2516 mente
1035 2454 1060 2533 ⁸)
1097 2455 1285 2526 indicamus,

70 2555 252 2620 obsecrantes
282 2576 340 2636 per
363 2561 521 2620 Christum
546 2560 667 2636 Regem
694 2567 835 2620 nostrum
867 2567 899 2619 et
927 2575 985 2634 per
1009 2557 1201 2645 Charitatem
1224 2559 1284 2618 lra-

70 2661 176 2732 tcrnam
197 2669 232 2724 ut
256 2663 367 2747 huic⁹)
391 2664 488 2724 unice
511 2663 617 2727 brunia
639 2670 695 2724 tua
718 2662 856 2726 consilia
879 2669 912 2723 et
936 2663 1022 2722 uires
1046 2678 1156 2723 omnes
1181 2662 1283 2722 inten-

69 2758 125 2830 das,
147 2781 205 2838 quo
230 2784 307 2836 nos,
330 2765 386 2841 qui
402 2768 560 2827 Christum
581 2767 779 2843 recepimus,
803 2767 1002 2828 Antichristo
1028 2764 1286 2833 contradicimus,

70 2865 200 2937 sepositis
224 2869 444 2930 Simultatibus
475 2869 729 2946 compositisque
759 2869 854 2930 bellis
890 2867 1040 2931 civilibus
1065 2875 1096 2928 et
1112 2866 1283 2929 intestinis

69 2967 211 3030 rruanimes
235 2971 417 3042 in„Christo
441 2973 616 3034 efficiamur
639 2979 670 3031 et
694 2974 810 3042 simus,
842 2971 963 3048 unique
992 2972 1131 3048 Principi
1155 2973 1282 3033 Christo

68 3068 228 3134 militemus.
276 3076 366 3137 Mitto
391 3083 464 3138 tuae
476 3074 509 3155 1ο)
532 3075 730 3138 Humanitati
752 3076 894 3136 Libellos
918 3077 1042 3162 aliquot
1058 3075 1198 3136 Graecos
1217 3076 1284 3150 qui-

69 3167 137 3242 den,
155 3177 212 3240 sed
235 3196 254 3238 a
276 3177 396 3240 uostris
419 3179 584 3240 latinitati
597 3177 630 3258 11)
653 3180 805 3249 donatos,
837 3185 869 3238 et
892 3179 945 3238 hic
968 3177 1142 3256 praeterita
1165 3179 1282 3254 hyeme

69 3285 200 3348 excusos,
233 3297 348 3358 nempe
371 3283 620 3343 Theodoreti
641 3279 763 3344 Libros
785 3281 827 3342 de
848 3280 1089 3344 Providentia:
1120 3279 1285 3342 Tatiani

69 3377 240 3454 orationem,
275 3391 309 3444 et
345 3385 701 3467 Theophylacti¹²)
737 3387 883 3448 Antioch.
913 3385 1067 3462 Episcopi
1095 3378 1191 3445 Lrbr.
1217 3380 1287 3442 ΙΙΙ

69 3511 251 3531 ''··-·----·—-

139 3594 164 3659 1)
190 3595 294 3663 Coena]
313 3595 385 3648 Bibl.
405 3593 509 3646 Brem.:
530 3607 643 3646 coenam

135 3681 161 3745 2)
188 3683 255 3750 iam]
275 3683 304 3734 in
322 3681 393 3734 Bibl.
413 3680 502 3732 Brem.
525 3679 613 3732 deest.

137 3767 161 3831 3)
186 3767 382 3835 videbuntur,]
403 3768 471 3819 Bibl.
493 3767 600 3820 Brem.:
618 3763 791 3828 videbantur,

136 3855 164 3922 4)
189 3857 275 3924 dolet]
296 3855 366 3906 Bibl.
385 3854 488 3908 Brem.:
509 3853 601 3905 dolent

137 3940 162 4004 5)
190 3940 357 4008 discordiae]
378 3941 447 3995 Bibl.
467 3939 571 3990 Brem.:
594 3937 793 3989 discordiarum

135 4028 163 4093 6)
189 4027 367 4094 coniungere]
387 4027 458 4081 Bibl.
478 4027 582 4080 Brem.:
603 4025 717 4090 iungere

139 4112 164 4177 7)
190 4113 354 4183 Cumprimis
372 4121 462 4165 autem
482 4149 544 4163 ....
566 4111 637 4162 terre
651 4110 776 4176 cupimus
784 4108 804 4174 t]
825 4109 865 4160 sic
875 4109 1077 4168 llaeuetvata
1096 4108 1167 4160 Bibl.
1181 4111 1287 4163 Brem.:

67 4193 181 4264 Cupimus
200 4207 290 4252 autem
311 4237 375 4256 ....
395 4200 476 4250 ferre.

138 4285 163 4349 8)
188 4286 310 4338 fraterna
329 4286 432 4353 mente]
453 4285 522 4337 Bibl.
544 4287 650 4337 Bremt
670 4283 791 4333 fraterno
811 4288 890 4332 modo

138 4370 164 4436 9)
190 4372 266 4439 huic]
283 4371 356 4424 Bibl.
377 4373 481 4422 licem:
502 4372 554 4422 huc

125 4458 165 4524 10)
188 4459 264 4525 tuae]
283 4459 355 4512 Bibl.
377 4461 483 4512 Eram:
506 4466 568 4512 tuos

127 4546 165 4611 ll)
192 4545 347 4612 Latinitati]
368 4546 437 4598 Bibl.
456 4547 560 4600 Brem.:
587 4544 725 4594 latinitate

127 4630 166 4694 12)
191 4630 400 4699 Th‘eophylacti]
420 4630 491 4684 Bibl.
511 4631 618 4680 Brem.:
637 4627 783 4693 Theophili
