3120 5206
503 355 746 410 snrrtnllunra
773 355 855 409 ANNi
876 358 952 411 leel.

216 511 360 577 Thorrme
383 513 573 584 Βῖαυνενο,
595 519 745 575 senatori
763 511 1026 586 Constantinam,
1048 521 1155 575 amico
1174 531 1242 574 sue.

196 635 224 694 S.
242 635 324 696 Dedi
339 635 483 696 Milichio
507 633 610 695 Nonni
636 637 750 710 poema
773 641 807 693 ut
829 633 969 696 describi
993 633 1064 693 Tibi
1089 641 1215 694 curaret
1238 649 1345 708 quem-

116 737 275 797 admodum
292 739 453 814 llagilasti.
480 737 588 812 Neque
609 754 670 814 ego
688 737 760 813 ipse
779 751 929 812 gravarer
943 735 1127 797 describere
1145 737 1173 798 si
1187 736 1348 797 neminem

115 841 298 900 haberemus
330 839 429 903 aliurn
460 842 514 916 qui
539 839 572 899 id
596 841 704 900 oneris
734 846 788 898 tua
818 857 933 900 caussa
963 840 1151 916 susciperet.
1197 838 1261 898 Sed
1285 855 1345 916 ego

116 941 159 1001 ita
187 943 335 1004 existimo
367 941 543 1004 Milichimn
581 943 723 1022 gilimere
760 941 823 1004 sibi
862 943 999 1002 oblatam
1037 957 1109 1002 esse
1144 941 1347 1002 occasionem

115 1045 293 1106 demerendi
317 1049 385 1106 Tui.
438 1045 604 1123 Nunquam
634 1063 757 1110 mecum
789 1054 855 1118 est,
891 1053 941 1108 est
964 1051 1072 1108 antem
1093 1045 1237 1120 quotidie
1261 1045 1347 1106 domi

114 1155 253 1218 nostroe,
286 1151 424 1224 quiade
449 1151 622 1225 'fedeque
652 1158 707 1212 tua
737 1167 814 1226 erga
844 1165 879 1210 se
904 1151 1069 1210 voluntate
1100 1149 1279 1210 honorilice
1301 1151 1346 1210 lo-

113 1259 230 1326 quatur.
283 1253 394 1328 Neque
428 1262 534 1314 tamen
565 1255 651 1314 cedit
681 1256 712 1314 ei
743 1255 773 1314 ln
805 1255 848 1312 le
886 1252 1019 1313 amando
1048 1251 1250 1336 Vogenusq.
1306 1255 1347 1323 ls,

113 1373 179 1415 cum
202 1355 283 1416 haec
308 1359 501 1426 scriberem,
526 1360 658 1434 rogabat
680 1373 749 1427 me,
776 1365 807 1417 ut
830 1353 881 1417 sui
903 1355 1099 1417 mentionem
1128 1357 1211 1433 apud
1236 1357 1259 1415 'l
1263 1371 1280 1416 e
1302 1357 1316 1416 1
1336 1393 1346 1403 -

11 1475 13 1478 ·
112 1473 229 1527 cerem,
259 1478 298 1520 ac
322 1461 366 1518 Te
388 1461 552 1530 hortarer,
582 1469 616 1520 ul
646 1475 705 1522 sua¹
735 1460 840 1522 studia
872 1459 1063 1536 propinquis
1098 1460 1347 1529 commendares,

110 1561 218 1634 Tuque
246 1562 434 1638 susciperes
466 1579 539 1623 eum
568 1571 600 1622 et
629 1562 782 1622 tuendum
814 1568 845 1621 et
875 1561 1064 1631 iuvandum,
1099 1561 1127 1620 si
1158 1578 1219 1635 qua
1255 1566 1346 1637 parte

110 1678 230 1736 posses.
258 1662 349 1749 ⁴linc
372 1663 531 1725 ulfacius
555 1667 599 1724 'l'e
625 1666 720 1725 etiam
752 1670 849 1738 alque
879 1664 994 1733 etiarn,
1024 1663 1067 1723 mi
1090 1663 1227 1731 Thema,
1258 1679 1345 1740 rogo.

108 1765 162 1825 Est
186 1765 268 1826 enim
292 1767 498 1828 humanitatis
524 1768 556 1828 id
578 1776 653 1828 tuae
679 1768 917 1828 adolescentem
950 1769 1135 1844 fiagrantem
1156 1765 1346 1843 optimarum

109 1868 220 1928 artium
245 1869 354 1929 studio
386 1878 417 1931 et
439 1871 617 1948 praeditum
647 1871 787 1931 moribus
819 1871 949 1947 optimis
984 1887 1105 1930 summa
1135 1885 1197 1946 ope
1227 1869 1346 1930 iuvare.

108 1971 185 2031 Mihi
208 1991 291 2032 nunc
314 1974 420 2035 notior
445 1973 680 2052 estvogelins,
706 1993 799 2050 quam
819 1975 876 2034 lun
898 1975 949 2033 his
970 1973 1125 2050 proximis
1144 1973 1246 2043 armis,
1271 1973 1346 2048 quia

109 2092 188 2135 nunc
210 2093 273 2138 non
297 2083 418 2137 lantum
441 2078 566 2140 auditor·
591 2085 639 2140 est
662 2093 768 2148 mens,
792 2077 850 2140 sed
873 2078 970 2140 etiam
992 2071 1259 2158 conpendiaria
1281 2077 1344 2138 Μ1-
1382 2115 1384 2119 ,

11 2173 12 2176 ’
108 2177 291 2240 thematicis
321 2179 465 2240 discendi
498 2182 527 2242 in
560 2198 643 2254 1111
673 2181 730 2240 ille
759 2181 904 2242 omnibus
927 2180 1050 2240 viribus
1081 2179 1204 2256 ingenii
1227 2197 1347 2256 cogno-

109 2280 224 2340 scenda
248 2280 410 2342 incumbit.
462 2283 572 2358 Neque
603 2283 700 2343 facile
729 2283 865 2344 dixerim
897 2289 1046 2357 qnantum
1072 2283 1142 2342 eius
1165 2284 1217 2344 vel
1242 2283 1344 2344 consi-

108 2381 163 2441 liis
188 2381 236 2441 vel
261 2383 368 2443 studio
399 2385 553 2445 delecter.
610 2387 684 2446 Nam
710 2393 741 2444 et
764 2384 859 2446 facile
892 2385 957 2444 illis
990 2385 1070 2461 ipsis
1103 2385 1284 2463 disciplinis
1315 2394 1348 2448 el

108 2503 254 2562 magnum
284 2503 321 2546 ac
350 2489 430 2548 utile
463 2488 704 2551 instrumentum
738 2489 810 2548 inde
846 2488 925 2548 mihi
956 2487 1080 2548 videtur
1117 2489 1272 2550 allaturus
1306 2489 1344 2550 ad

107 2585 285 2649 Medicinae
310 2592 496 2661 scientiam,
521 2592 559 2652 ad
586 2609 689 2667 qnam,
714 2593 849 2661 115115,
874 2593 930 2651 ille
957 2607 991 2652 se
1016 2592 1080 2652 iam
1104 2590 1180 2652 olim
1204 2593 1347 2653 eontulit.

109 2691 232 2762 Quaeso
258 2693 357 2770 igitur
379 2703 429 2764 te,
454 2703 487 2754 ut
512 2695 569 2755 des
593 2712 741 2772 operam,
775 2703 809 2756 ut
833 2695 951 2756 sentiat
974 2712 1077 2756 meam
1102 2696 1347 2759 commendatio·

109 2811 177 2854 nem
201 2795 347 2872 apudTe
371 2796 431 2857 sibi
457 2798 627 2874 profuisse.
665 2801 747 2880 Περὶ
770 2787 980 2884 εὖχαριστίας
1003 2817 1064 2860 111
1089 2800 1182 2861 libuit
1198 2800 1346 2862 scribere.

107 2895 246 2974 Expecto
278 2899 362 2958 enim
386 2915 403 2960 1
427 2901 516 2961 vobis
548 2915 586 2960 ea
617 2903 658 2961 de
687 2919 722 2962 re
751 2895 909 2978 aliquid(
943 2901 1049 2962 Nostri
1073 2901 1154 2962 nihil
1177 2911 1347 2974 mutarunt,

107 3015 211 3074 neque
236 3009 341 3060 tamen
365 3001 460 3061 valde
484 3011 644 3080 pugnant,
673 3005 802 3063 tametsi
833 3012 970 3064 metuam
1000 3004 1051 3063 his
1082 3003 1259 3082 praeludiis
1283 3013 1344 3066 tra-

107 3102 255 3178 goediam
291 3101 467 3164 tristiorem
504 3121 724 3167 successuram
761 3123 842 3168 esse.
905 3108 1075 3168 linthemm
1115 3108 1196 3168 nihil
1234 3109 1349 3186 opinor

107 3220 334 3280 responsurum
372 3221 444 3266 esse
482 3207 520 3266 ad
556 3199 812 3289 ὑπερασπίστην,
849 3212 876 3269 51
911 3209 964 3270 liic
1001 3205 1127 3270 desinat
1155 3209 1347 3292 Erasmnsq.

106 3307 193 3368 Vale.
231 3307 341 3368 Saluta
362 3311 444 3369 meis
467 3311 573 3371 verbis
595 3313 724 3373 fratrem
747 3320 778 3372 et
798 3319 868 3374 tuos
890 3327 1008 3374 omnes.

1041 3410 1218 3491 Philippus.

501 3554 548 3562 ...-

571 3684 718 3778 illle
755 3687 886 3780 1527.

105 3861 153 3917 19.
211 3863 266 3958 uo.
292 3856 381 3936 reat
427 3859 699 3944 (11111111),
1222 3863 1347 3940 2-111

223 3947 383 3974 m
1217 3949 1351 3979 M.-

242 4039 433 4108 Martinue
461 3983 648 4108 murteam
675 4037 726 4108 nd
750 4036 845 4110 Part.
874 4036 1215 4109 Melanchthonern.

174 4166 249 4218 Hanc
269 4169 413 4244 epistolam
439 4171 517 4243 legas
541 4170 567 4220 in
596 4171 629 4221 de
648 4168 744 4220 Wettii
764 4169 923 4224 collectione
943 4169 1120 4238 epistolarum
1140 4169 1250 4221 Lntheri
1271 4170 1346 4230 Tom,

209 4251 256 4304 111.
282 4255 383 4331 11181.
404 4253 525 4323 111887.

194 4474 220 4541 1)
249 4476 318 4528 Nota
337 4450 456 4528 Simiori:
488 4479 507 4529 i.
520 4494 544 4529 e.
565 4477 731 4543 1113111111,
754 4477 984 4529 Constantiensin.

191 4561 221 4624 2)
249 4561 319 4612 Nota
346 4561 467 4614 Simlcri:
505 4563 634 4615 Erasmus
668 4564 753 4615 edidit
780 4561 995 4629 Hypernspisten
1029 4563 1161 4613 adversus
1192 4562 1340 4612 bulherum

103 4647 180 4699 1526.
