3072 5208
232 369 298 442 412
573 386 817 450 snrrcnucnrn
841 387 923 440 rnnr
942 387 1088 440 rnonnrr.

338 545 489 608 Omnibus
511 545 669 608 aetatibus
698 541 840 606 indrmce
863 542 990 606 tuorum
1018 550 1182 621 potentum
1220 545 1391 608 voluntates
1420 544 1447 606 in

232 645 444 711 consessione
467 647 641 728 Evangelii.
687 647 816 710 Possem
838 653 951 708 veteru
983 652 1017 709 et
1046 646 1189 710 recentia
1211 647 1356 726 exemplo
1381 645 1450 708 reoi-

233 753 300 810 tore
324 752 430 816 multo.
474 751 548 823 Sed,
585 749 628 814 mi
659 749 789 828 Georgi,
828 765 891 812 non
914 747 1137 829 extinguimus
1166 748 1265 812 tinum
1300 745 1452 828 brumum.

234 849 376 915 Admone
412 854 536 934 piccide
560 853 707 916 comitem
739 858 773 913 ut
801 860 952 930 agnoscet
975 858 1126 928 errutum3
1160 850 1337 914 infirmitati
1369 852 1455 914 venio

233 955 335 1016 durrdo
357 964 416 1020 est.
460 955 617 1020 Existimo
639 962 743 1019 butem
765 951 950 1020 infirmitate
973 957 1107 1036 tapsum,
1130 953 1455 1034 nonodio-iivcugelii.
1521 1019 1522 1026 p

234 1055 375 1120 Nondum
399 1060 496 1139 igitur
516 1055 704 1144 βλάσφημος
726 1065 784 1120 est.
829 1058 931 1132 Quare
953 1074 1024 1122 eum
1046 1075 1153 1122 rursus
1176 1055 1354 1122 consoleris
1377 1061 1410 1117 et
1429 1057 1456 1118 in

235 1161 317 1222 viem
342 1179 484 1226 revoces.
529 1163 635 1242 Saepe
657 1161 751 1224 etiurn
773 1161 856 1224 tirrni
879 1166 912 1223 et
933 1163 1038 1244 magni
1061 1159 1208 1225 homines
1240 1163 1401 1223 turbentur
1430 1159 1457 1221 in

233 1270 322 1325 tanto
344 1263 530 1328 indiciorum
552 1265 647 1328 huius
668 1263 785 1328 uetctis
809 1262 1001 1328 contusione.
1029 1264 1092 1328 Nec
1114 1263 1212 1327 veiim
1235 1271 1268 1324 te
1290 1264 1330 1327 ob
1354 1276 1392 1323 eo
1412 1260 1455 1324 ed·

235 1367 296 1426 bnc'
325 1367 504 1440 discedere,
538 1385 577 1430 nc
610 1366 713 1447 iungis
743 1369 903 1430 saucietur
938 1368 1010 1430 eius
1032 1369 1164 1431 animus.
1207 1366 1293 1429 Haec
1328 1363 1457 1426 breviter

235 1466 311 1528 drrxi
335 1467 394 1530 tibi
418 1471 639 1547 respondendo
661 1486 746 1544 esso.
768 1487 805 1532 oc
827 1467 934 1536 mutim
952 1471 1149 1548 respondere
1171 1467 1279 1534 mitius
1303 1483 1390 1548 quom
1410 1465 1456 1527 dn·

235 1568 311 1630 rius.
357 1571 422 1634 Non
454 1572 531 1635 nihil
562 1573 593 1635 in
618 1573 670 1635 bis
693 1574 811 1637 morbis
835 1579 959 1650 tempus
989 1579 1022 1638 ct
1061 1573 1145 1638 ienis
1174 1574 1296 1636 curatio
1324 1575 1457 1651 possunt·

236 1669 308 1732 vidi
331 1669 455 1736 similos
476 1693 569 1739 cesus
591 1675 646 1740 ubi
669 1673 802 1738 ienitate
826 1680 861 1736 et
885 1673 1079 1756 tempestivo
1100 1672 1318 1740 admonitione
1340 1671 1455 1734 muitum

236 1774 435 1848 proiecimus.
479 1779 566 1840 Bene
590 1781 671 1855 vole,
701 1777 864 1842 carissime
887 1777 1022 1861 Georgi:
1059 1782 1147 1844 Deus
1180 1785 1269 1858 puter
1290 1773 1455 1840 liberatoris

237 1878 335 1938 nostri
358 1878 431 1941 lesu
454 1879 573 1945 Christi
595 1885 629 1944 te
650 1883 806 1964 gubernet
828 1885 861 1946 et
884 1890 1002 1946 serveb
1045 1883 1107 1948 Dio
1132 1884 1183 1948 to.
1198 1879 1289 1951 Maii.

938 2037 1104 2116 Pbttippus
1128 2035 1321 2100 Melontbon.
1355 2092 1362 2105 ,

749 2247 954 2260 m

761 2513 904 2590 Eidem.

339 2660 378 2712 Ex
397 2662 491 2718 eodem
510 2664 576 2718 iibro
594 2681 622 2738 p.
637 2668 695 2724 tro.
712 2670 789 2736 epist.
802 2670 845 2723 18.

512 2851 556 2914 D.
580 2853 751 2941 Magistro
773 2855 916 2942 Georgio
938 2855 1051 2938 Kurg.
1089 2855 1119 2917 S.
1142 2853 1178 2915 D.

323 3018 485 3098 InSenium
508 3032 594 3090 tuum
617 3049 741 3110 semper
763 3033 887 3112 arnovi3
911 3031 1058 3094 videbam
1081 3027 1165 3091 enim
1187 3031 1220 3085 te
1249 3024 1334 3104 bonu
1356 3030 1410 3093 spe
1429 3011 1454 3070 in

238 3119 366 3198 optimis
390 3127 501 3191 studiis
531 3134 662 3197 versari.
707 3137 809 3208 Quone
843 3137 939 3198 doleo
962 3135 1079 3210 enimc,
1112 3129 1202 3192 ilium
1229 3132 1317 3187 tuum
1346 3130 1455 3180 cursuro

238 3225 385 3289 nonnihil
409 3231 595 3310 impeditum
620 3255 693 3300 esse
716 3237 945 3301 consuetudine
968 3237 1042 3300 mcii
1065 3232 1203 3311 hospius
1225 3232 1321 3304 teque
1344 3219 1457 3283 innam
1519 3247 1520 3264 κ

238 3329 423 3395 columniam
458 3334 621 3400 incidisse.
667 3341 700 3402 Si
725 3341 907 3420 adfuissem,
937 3341 1035 3402 rnulto
1069 3336 1163 3402 citius
1207 3330 1247 3394 od
1286 3333 1320 3388 te
1364 3319 1457 3382 vonis·

237 3447 321 3493 seme
350 3436 475 3499 venium
498 3448 603 3504 cutem
632 3442 737 3516 bodie,
765 3447 834 3507 Deo
855 3446 983 3506 volente
1014 3446 1047 3504 et
1068 3448 1171 3502 tecum
1193 3434 1371 3510 colloquor·
1391 3426 1455 3498 Sit·

239 3551 273 3595 ro
308 3547 341 3602 et
377 3541 411 3603 Ι).
442 3543 609 3610 Doctorum
643 3547 807 3610 biortinum
861 3555 894 3610 et
932 3549 967 3610 D.
1001 3547 1165 3608 Doctorem
1203 3541 1307 3602 [onom
1340 3533 1454 3594 botuns

238 3651 378 3714 operum,
401 3645 604 3722 ntiibercris,
627 3652 656 3713 si
679 3653 840 3716 commode
855 3648 1067 3730 responderis,
1078 3663 1148 3710 nom
1171 3645 1212 3706 de
1225 3647 1258 3704 te
1280 3635 1453 3702 mitissimos

238 3742 346 3805 audivi
371 3763 532 3814 sermones
554 3753 589 3816 Ι).
611 3755 766 3818 Doctoris.
812 3756 897 3816 Bene
920 3755 1005 3818 vale.
1518 3747 1519 3752 ’

750 4018 955 4030 m

783 4311 925 4388 Eidem.

341 4459 381 4511 Ex
401 4462 495 4514 eodem
514 4464 581 4515 iibro
600 4480 627 4531 p.
643 4468 698 4518 ttt.
718 4465 797 4532 epist.
810 4467 852 4516 ²1.

563 4689 567 4696 ι
688 4647 884 4736 (Inscriptio
906 4653 1024 4736 dccet.)
