3120 5206
498 345 745 399 survnuuunrt
772 346 854 396 nuru
874 347 949 400 roae.
1301 329 1341 398 lt

25 581 26 584 Ἴ
103 510 135 562 et
158 503 343 578 opinionem
376 504 449 564 eius
477 511 509 562 et
538 518 611 564 mea
640 497 780 582 ἐγκώμια
808 501 904 578 longa
927 519 979 563 res
1003 503 1090 564 vicit.
1135 503 1262 575 Statim,
1284 502 1342 564 ubi

102 605 281 676 aridiorem,
318 613 350 666 te
381 607 467 667 domi
495 606 615 673 luisse,
652 614 830 679 quanquam
859 610 963 664 teoum
993 607 1134 680 colloqui
1163 606 1341 681 cupiebam,

101 726 171 768 oum
199 710 386 780 arbitrarer,
420 715 452 768 te
480 709 615 769 nondum
646 708 740 767 domo
783 709 912 778 abesse,
949 707 1028 768 mihi
1061 709 1232 771 molestum
1265 715 1341 780 evat,

25 791 27 906 ζ
100 812 264 872 loaehiulo
288 813 335 872 tui
359 812 485 888 copiam
507 830 570 871 non
592 811 680 881 fieri,
712 811 930 885 molebamque
962 812 1051 871 illum
1082 819 1136 872 tuo
1167 829 1343 890 congressu

25 911 27 982 ζ
100 913 179 984 frui,
211 933 304 990 utram
334 914 527 990 meipsum,
558 912 613 989 qui
645 913 691 973 tui
718 912 945 988 cupidissimus
976 931 1052 974 esse
1079 916 1179 978 soleo,
1231 917 1342 992 Neque

25 1023 27 1038 ¹
101 1016 231 1088 dubito,
262 1020 338 1094 quin
368 1019 428 1078 tibi
458 1017 554 1078 etiam
580 1018 725 1090 voluptas
749 1016 807 1086 sit,
837 1016 934 1075 talem
965 1017 1218 1090 adolescentem,
1249 1036 1342 1096 quem

25 1145 26 1150 κ
102 1132 162 1194 ego
193 1118 288 1181 faeile
319 1138 408 1190 arno,
438 1120 602 1200 literariae
633 1118 681 1178 rei
711 1116 911 1192 principibus
943 1120 1132 1192 adrurmero,
1162 1123 1342 1184 innotuisse

25 1221 27 1252 r
100 1221 203 1280 vobis.
250 1223 452 1288 Commodum
474 1223 530 1282 ubi
553 1221 782 1296 Wittebergam
808 1220 1000 1292 redivimus,
1025 1222 1235 1301 sigemundus
1259 1227 1342 1287 sulu-

101 1330 162 1395 tat,
186 1324 317 1384 vixdum
339 1325 447 1402 posito
471 1341 603 1402 pegaso.
654 1323 701 1382 Ex
725 1323 785 1382 hoe
809 1323 973 1400 intelligo,
1004 1326 1179 1386 institutum
1204 1343 1279 1389 esse
1302 1329 1342 1390 ad

101 1433 134 1485 te
162 1427 233 1487 iter.
284 1426 351 1504 ligo
379 1427 497 1488 ‘frustra
526 1428 667 1487 retinere
693 1439 770 1484 eum
800 1425 867 1487 diu-
885 1433 1016 1488 cenatus
1045 1445 1124 1488 sum.
1171 1431 1227 1490 Est
1257 1431 1341 1492 enim

25 1579 26 1586 ,
104 1545 171 1588 curn
192 1529 324 1589 homine
354 1548 416 1590 non
446 1529 622 1606 hospitium
652 1534 772 1588 tanturn
803 1527 899 1597 mihi,
924 1530 981 1588 sed
1011 1531 1212 1594 familiaritas
1236 1534 1343 1594 etiam.

25 1623 26 1664 l
101 1631 196 1692 Porro
221 1649 292 1692 eum
314 1634 441 1692 omnino
465 1633 627 1694 Basileam
651 1630 812 1708 proficisci
836 1632 1073 1704 constituisset,
1097 1653 1158 1696 non
1182 1637 1274 1713 potui
1297 1638 1341 1697 l-

101 1751 191 1806 cere,
223 1735 300 1809 quin
330 1735 441 1796 literas
464 1735 504 1796 ad
527 1741 559 1794 te
582 1735 707 1803 darem,
738 1751 800 1794 non
833 1735 946 1809 quibus
977 1736 1137 1798 hominem
1170 1737 1228 1798 tibi
1251 1741 1340 1803 nobi-

101 1838 257 1899 lissimum
282 1839 550 1909 commendarem,
584 1839 642 1898 sed
664 1845 698 1898 ut
722 1837 840 1909 soires,
874 1839 966 1899 nobis
990 1857 1184 1902 communem
1208 1843 1343 1904 amioum

101 1959 185 2002 esse.
237 1942 373 2003 Proinde
397 1943 426 2002 si
450 1943 524 2017 quid
556 1944 589 2002 in
621 1957 691 2002 eum
723 1941 914 2011 contuleris,
946 1943 986 2002 de
1009 1961 1059 2003 me
1080 1951 1174 2018 puta,
1204 1952 1238 2006 te
1259 1948 1341 2007 bene

101 2045 227 2106 mereri.
272 2044 448 2122 Evangelio
472 2045 540 2105 seio
563 2043 757 2118 patrocinari
780 2050 812 2102 te
836 2043 1009 2120 religiose,
1040 2063 1138 2122 quare
1168 2047 1251 2108 nihil
1282 2054 1342 2119 est,

100 2149 187 2224 quod
209 2148 369 2208 adhorter.
422 2147 547 2208 Utinam
571 2163 589 2206 e
612 2154 667 2208 tuo
691 2163 727 2207 se
750 2147 899 2222 exemplo
930 2155 1148 2226 compararent
1178 2151 1236 2212 alii
1258 2151 1343 2228 apud

25 2281 26 2338 3
100 2271 178 2321 vos,
207 2251 273 2326 -qui
307 2251 476 2327 Evangelii
513 2256 681 2326 praetextu
715 2250 884 2330 τυραννίδα
916 2258 1040 2327 gerunt.
1072 2253 1193 2322 ·Vale‚
1231 2259 1262 2313 et
1291 2269 1342 2314 me

100 2353 228 2414 Christo
252 2353 402 2428 precibus
426 2353 489 2414 tuis
512 2354 704 2414 commenda.
757 2353 977 2430 Wittebergae
1000 2355 1042 2444 tp*
1063 2352 1127 2438 πρὸ
1151 2357 1204 2432 τῆς
1226 2357 1345 2440 τροπῆς

25 2461 27 2536 ᾗ
100 2457 248 2541 Θερινῆς.

25 2547 26 2554 '
1035 2557 1211 2636 Philippus.

187 2663 388 2740 Sisgardum,
418 2669 450 2722 et
472 2665 573 2723 bonos
596 2662 684 2722 viros
707 2663 790 2722 alios
813 2661 898 2740 apud
926 2669 959 2721 le
981 2661 1149 2740 Evangelii
1170 2679 1249 2723 vere
1279 2669 1342 2723 stu·

100 2767 229 2836 diosos,
254 2765 358 2825 saluta
380 2772 488 2832 nostro
512 2765 861 2831 uonriuereverenter.

619 2903 825 2914 -ιι-ι--ι-ι

101 2991 150 3050 aa
210 2988 373 3050 aanor».
419 2985 496 3070 (vu
512 2949 542 3051 1.'
559 3011 588 3064 p.
605 2985 692 3070 eoa.)
986 3041 989 3048 .
1147 2983 1331 3070 (nouato.)

215 3076 386 3103 Μ
1140 3075 1336 3102 Μ

527 3143 689 3216 Thomna
723 3145 917 3214 Bluarero.
973 3155 975 3160 ’

127 3265 129 3270 ’
167 3278 369 3346 Apographum
394 3278 475 3329 huius
502 3259 652 3346 epistolae,
683 3291 752 3342 quae
778 3277 805 3326 in
831 3275 997 3328 collectione
1024 3276 1187 3328 Simleriana
1212 3275 1343 3342 Tigurina

166 3385 171 3392 ·
201 3365 241 3430 (S.
260 3363 327 3416 Meo.
351 3361 392 3430 ll)
417 3370 588 3428 asservatur,
616 3369 644 3414 al
668 3377 718 3430 per
743 3377 833 3413 mures
858 3363 1005 3414 maximam
1031 3367 1138 3429 partem
1158 3367 1200 3413 est
1219 3377 1341 3426 corrosa,

98 3461 100 3466 ’
202 3451 289 3502 debeo
309 3450 347 3500 Gl.
367 3449 401 3506 V.
421 3455 452 3504 S.
476 3453 644 3518 Veepelirta.

119 3554 359 3652 Fragmentum
380 3571 542 3666 epistolae
564 3567 831 3632 Melonoltlvoois
853 3569 898 3632 ud
922 3565 1081 3630 Thevltum
1102 3563 1317 3632 Blaurerem'.

72 3691 74 3698 ’
185 3683 296 3756 Leniri
326 3693 461 3755 hiatui
492 3691 685 3755 desiderium
714 3669 776 3752 non
807 3692 928 3766 potuit,
963 3692 1026 3754 nisi
1049 3691 1103 3754 ubi
1133 3692 1271 3780 allatum·
1292 3697 1341 3753 est

98 3797 185 3858 domi
209 3803 300 3870 tuae,
330 3797 442 3876 neseio
467 3795 543 3879 quid
565 3831 607 3840 -
634 3791 836 3882 [ga]udebam
860 3802 891 3856 te
915 3795 1052 3854 rediisse
1075 3794 1114 3880 ad
1144 3801 1232 3863 tuos,
1258 3802 1288 3854 et
1312 3795 1341 3866 ei

99 3900 175 3974 quid
205 3894 388 3983 p[eeoatunr
415 3900 473 3986 liae
503 3893 606 3982 p]a1·te
639 3899 697 3968 sit,
728 3898 771 3959 mi
796 3898 932 3966 Thema,
968 3896 1091 3978 quando
1116 3897 1340 3987 idEvangelii

98 4004 236 4086 dignius¹
252 4003 374 4078 poscit,
398 4002 549 4078 corrigas.
593 4002 731 4064 Fratrem
754 4006 861 4062 autern
883 4000 1012 4074 publice
1040 4001 1221 4074 postulasse
1245 4018 1264 4061 a
1285 4000 1340 4059 Se-

98 4113 191 4176 natu,
215 4111 249 4166 ut
272 4105 475 4174 delendatur,
499 4089 570 4164 meo
595 4103 716 4168 iudicio
740 4104 822 4164 nihil
846 4104 908 4164 hoe
931 4105 1083 4182 oportuit.
1118 4102 1213 4164 Moisi
1237 4103 1340 4180 inquit

97 4209 171 4268 ille:
205 4207 272 4285 Ege
302 4216 408 4293 tecum
431 4222 495 4274 ero.
546 4206 689 4278 Utinam,
724 4207 859 4276 Thema,
896 4205 1005 4266 demus
1036 4221 1181 4280 operam,
1212 4222 1253 4266 ne
1282 4221 1338 4282 per

96 4328 157 4370 nos
181 4291 414 4371 scandalizetur
435 4308 653 4386 Evangelturn.
706 4308 838 4382 Quidam
862 4304 1139 4366 invitantur'nune
1163 4306 1202 4367 ad
1225 4306 1337 4396 dueen-

98 4413 182 4482 dmn,
205 4413 320 4486 plausu
342 4412 553 4500 multitudinis
577 4412 652 4482 alii,
674 4411 802 4472 tametsi
827 4413 907 4470 berre
930 4415 1120 4486 coeperunt,
1143 4427 1205 4470 non
1230 4424 1337 4486 perse-

99 4522 210 4575 verant
233 4517 266 4575 in
289 4515 404 4574 eodem
427 4515 550 4584 studio,
583 4515 641 4575 sed
665 4514 831 4576 excoecati
857 4514 969 4588 plausu
992 4513 1030 4573 ab
1053 4512 1229 4590 Evangelio
1254 4511 1334 4572 desi-

101 4621 195 4689 liunt,
226 4618 488 4714 quemadmodum
520 4618 550 4677 in
582 4617 753 4694 proverbio
785 4622 850 4685 est,
885 4615 922 4676 ad
953 4617 1078 4686 asinos,
1110 4617 1172 4676 hoe
1202 4620 1267 4683 est,
1298 4615 1336 4676 ad

135 4730 231 4780 supplem,
251 4729 369 4767 llelanelttlr.
1136 4718 1154 4776 2
