3102 5202
429 355 668 414 surrratrnura
693 361 771 413 aaut
797 359 942 412 racnnrr.
1214 340 1280 412 48ss

571 761 714 834 Eidem.

144 923 219 1016 ’Vide
239 923 430 990 prolegomena
449 923 481 974 ad
501 941 542 977 uu.
560 925 619 979 489.

176 1109 314 1171 Clarr'ss.
343 1108 376 1171 d.
401 1113 533 1175 ductori¹
551 1111 717 1208 Craooot‘o.

135 1264 162 1323 S.
187 1265 222 1324 Ι),
270 1265 493 1326 Heniocheuus
518 1266 710 1340 t'apitunous
741 1267 828 1326 misit
851 1284 924 1327 suas
948 1275 979 1326 et
1003 1264 1140 1341 pastoris
1163 1267 1282 1333 literas,

9 1353 11 1404 ἱ
61 1369 163 1441 quibus
187 1367 317 1444 petitur,
343 1375 375 1428 ut
399 1367 570 1430 scribamus
601 1371 639 1430 ad
663 1371 822 1432 illustriss.
846 1370 1022 1448 principem
1049 1370 1163 1430 Ducem
1186 1368 1282 1428 Saxu-

9 1491 11 1574 r
61 1471 125 1530 triae
148 1472 337 1542 Electorem
361 1481 393 1533 ut
417 1473 567 1534 attribuat
579 1474 785 1540 additionem
811 1472 932 1534 Pastori
967 1481 999 1534 ct
1030 1472 1283 1533 diaconatus

9 1629 10 1670 1
60 1575 106 1647 pia
130 1582 190 1644 cst,
167 1580 258 1635 tet
280 1576 460 1650 praefectus
485 1577 550 1636 vult
584 1575 695 1636 ollorre
734 1584 855 1637 nostras
878 1577 996 1637 literas
1041 1576 1164 1648 Quaeso
1187 1579 1222 1632 ut
1249 1579 1284 1632 tu

58 1676 219 1750 Epistulam
244 1686 329 1737 recte
354 1695 522 1753 componas
547 1678 740 1740 Consistorii
764 1683 796 1738 et
822 1695 891 1740 meo
915 1678 1043 1739 nomine
1073 1678 1111 1738 ad
1135 1675 1284 1736 illustris·

9 1859 10 1868 ἵ
60 1779 165 1840 simum
187 1780 377 1857 Principem,
407 1799 466 1858 qua
489 1789 615 1859 petatur
638 1782 772 1855 additio,
808 1784 881 1858 quia
903 1799 983 1842 uurrc
1006 1779 1192 1857 angustiora
1214 1780 1284 1836 sunt

59 1881 222 1958 stipendia,
245 1901 336 1969 quam
360 1893 394 1946 ut
417 1887 491 1946 iude
514 1885 635 1949 lautitia
660 1885 770 1946 vivere
794 1885 906 1964 possit,
931 1883 1056 1946 etiamsi
1081 1881 1206 1942 esuriat.
1246 1879 1285 1938 Et

60 1985 88 2043 lri
108 1989 161 2063 qui
185 2007 264 2047 nuuc
289 1987 333 2048 ibi
356 1996 438 2059 suut,
462 1989 598 2050 modesti
623 1998 703 2060 suut,
729 1993 760 2049 et
784 1991 932 2050 esuriunt.
959 1990 1019 2050 lum
1045 1986 1150 2046 statim
1173 1983 1284 2044 literas

59 2089 152 2163 parari
178 2095 313 2166 oportet.

873 2192 1049 2270 Philippus

580 2697 722 2769 Eidem.

161 2863 227 2914 l'idc
248 2864 440 2932 prolegomena
459 2865 493 2915 ad
513 2881 556 2916 no.
575 2863 634 2916 ton.

494 3049 688 3134 (Inscriptio
710 3053 829 3133 deest.)

140 3208 171 3266 S.
196 3206 230 3267 D.
277 3209 403 3274 nturiss.
427 3210 456 3271 d.
475 3199 599 3278 doctor,
631 3215 662 3268 ct
681 3207 792 3270 cariss.
818 3208 934 3268 Frater.
979 3202 1087 3268 statim
1125 3209 1289 3280 postquam

63 3309 179 3371 domum
203 3309 285 3371 redii
308 3311 361 3370 die
384 3308 562 3381 dominice,
600 3309 672 3371 misi
706 3328 812 3369 rursus
836 3309 977 3368 nuntium
999 3307 1140 3389 lipsiam
1175 3305 1211 3362 ad
1236 3305 1289 3362 do-

62 3417 173 3472 ctorem
197 3411 378 3486 llordisium
411 3415 465 3488 qui
489 3415 667 3490 exemplum
688 3411 852 3489 Epistulae
886 3411 926 3473 ad
951 3411 1103 3488 Reginam
1127 3407 1290 3489 Anglicam

65 3515 196 3591 scriptae
222 3512 252 3575 ei
276 3505 422 3576 adferret}
467 3515 605 3578 Nondum
639 3517 722 3578 euim
760 3521 925 3592 acceperat
964 3529 1004 3574 ex
1033 3500 1114 3582 aula,
1153 3509 1227 3571 misi
1261 3515 1292 3569 ct

64 3619 237 3693 exemplum
260 3615 361 3691 meaa
375 3609 604 3693 desponsionis
629 3620 667 3679 ud
689 3619 983 3695 llaraemytiauum,
1014 3616 1068 3694 qui
1091 3631 1140 3676 me
1163 3614 1203 3675 ad
1228 3631 1290 3674 rno-

64 3719 250 3783 derutionem
275 3723 426 3794 hortatur,
449 3725 499 3784 cui
523 3723 596 3798 quid
613 3721 830 3800 responderim
854 3724 885 3782 te
908 3736 1035 3798 ottoque
1057 3722 1166 3796 legere
1185 3718 1291 3777 velim.

66 3822 147 3884 Nunc
180 3824 281 3886 scribo
320 3827 358 3887 ad
389 3828 611 3906 wolfgangum
631 3827 806 3888 Palatinum
842 3820 1167 3892 de'suisEcclesiis,
1212 3835 1292 3898 quae

64 3925 98 3984 ad
120 3945 170 3988 me
193 3927 373 3990 reiecerunt
402 3947 475 3991 suas
507 3929 657 4007 quasdam
680 3927 943 3990 deliberationes.
987 3929 1074 3988 Bene
1098 3927 1178 3985 vale.

819 4061 996 4141 Philippus.

571 4271 778 4282 -.—--—--

598 4511 738 4585 Eidem.

165 4667 229 4716 l‘ide
249 4638 443 4733 prologomcua
464 4666 498 4716 ad
519 4682 560 4716 no.
576 4667 636 4716 dati.
