3120 5206
473 309 718 362 surrnuunnra
737 311 819 362 nuru
847 311 921 364 man
1276 285 1318 364 5³

21 493 22 496 ¹
98 484 154 526 curn
175 467 293 541 alioqui
326 467 575 526 clementissime
604 465 841 539 respondisset,
873 485 934 527 non
966 469 1152 543 exposuerit
1181 475 1318 528 mentem

21 587 23 590 ·
98 585 186 636 suun,
208 567 265 628 sed
288 567 450 628 distulerit
472 568 512 628 ad
534 567 636 642 petito
658 568 868 643 respondere:
900 566 984 644 quia'
999 569 1028 628 si
1052 569 1317 646 expendissemus

97 669 339 745 responsionem,
363 670 511 745 potuisse
534 687 593 730 nos
616 685 656 730 ex
679 685 720 730 ea
742 670 915 746 colligere,
946 671 1031 746 quod
1060 671 1133 746 ipsa
1164 669 1260 732 etiam
1285 673 1316 732 G.
1423 672 1426 678 '

96 773 126 831 ll.
147 771 223 832 nihil
247 787 384 846 unquam
406 769 508 849 magis
537 772 684 832 hebuerit
707 773 739 832 in
764 773 867 842 rotis,
902 789 994 848 quam
1016 780 1051 832 ut
1073 789 1152 850 prae
1174 775 1319 857 omnibus

96 875 184 950 gloria
221 873 276 936 dei
307 875 500 943 illustretur,
540 879 749 950 cognoscatur
779 882 809 934 et
838 891 959 935 summo
997 877 1119 935 honore
1150 875 1315 936 efficiatur.

94 973 146 1034 Sed
173 976 245 1050 quia
274 977 336 1036 hoo
365 974 571 1051 praecipuum
600 957 763 1052 negotium
794 983 855 1038 lam
886 993 1001 1053 grave,
1034 983 1162 1052 tamque
1184 976 1318 1036 difficile

21 1107 23 1140 r
94 1084 163 1147 arat,
186 1095 247 1138 non
272 1078 413 1152 potuerit
435 1078 475 1136 de
500 1093 539 1138 eo
563 1077 672 1152 procul
695 1078 748 1154 egi
762 1093 821 1152 per
835 1069 971 1156 scripta,
992 1085 1046 1138 aut
1061 1080 1196 1154 legatos,
1220 1079 1317 1153 quod·

93 1195 145 1252 que
166 1181 195 1239 C.
219 1179 258 1240 M.
281 1181 363 1240 hona
386 1177 501 1256 inspa
522 1180 582 1242 sit.
613 1195 678 1238 rem
701 1179 762 1239 deo
785 1181 916 1240 volente
945 1195 1050 1241 coram
1079 1179 1253 1240 convenire
1283 1187 1316 1240 et

92 1282 225 1356 componi
250 1297 365 1357 posse,
390 1287 556 1356 postquam
579 1281 749 1342 obtulimus
771 1299 830 1341 nos
843 1279 866 1363 1)
891 1283 928 1340 ed
955 1297 992 1341 ea
1015 1297 1099 1356 quae
1120 1282 1216 1359 digno
1245 1287 1317 1342 sunt

92 1381 252 1442 christiano
276 1384 430 1458 principe.

21 1471 22 1498 ¹
162 1484 272 1560 ltaque
293 1485 453 1562 significet
477 1487 509 1545 C.
533 1485 588 1554 nt,
621 1486 748 1554 sinos,
779 1491 849 1554 aut,
872 1485 902 1544 si
927 1503 985 1545 nos
1010 1485 1193 1546 valetudine
1217 1487 1316 1562 impe-

21 1595 23 1630 1
92 1587 236 1657 diremur,
264 1589 349 1654 filius
372 1595 498 1656 noster,
529 1595 582 1648 aut
615 1590 726 1656 ambo,
750 1589 818 1648 'iter
841 1587 1080 1664 susciperemus
1102 1588 1141 1649 ad
1165 1590 1198 1652 (l.
1222 1589 1260 1649 M.
1286 1595 1318 1647 et

21 1677 23 1758 ᾖ
92 1689 294 1752 adllonacum
320 1697 578 1766 expectaremus,
601 1691 674 1750 dum
697 1690 868 1759 sciremus,
893 1691 977 1765 quod
998 1693 1029 1750 G.
1051 1693 1088 1752 M.
1108 1692 1179 1751 fieri
1201 1692 1316 1750 vellet:

21 1815 22 1872 j
91 1799 198 1866 gratum
220 1795 250 1852 C.
276 1794 313 1854 Μ.
337 1794 505 1854 adventum
535 1799 675 1854 nostrum
704 1794 782 1852 lore.
836 1793 990 1868 Quodque
1020 1795 1052 1854 in
1082 1811 1122 1854 eo
1153 1795 1316 1869 colloquio

91 1895 185 1966 possit
211 1911 263 1976 res
293 1895 420 1970 placide
450 1895 616 1970 componi,
649 1895 678 1954 si
701 1895 901 1954 venissemus
932 1896 971 1956 ad
1000 1899 1030 1956 C.
1055 1896 1093 1956 tt.
1124 1903 1157 1956 et
1186 1897 1318 1957 foedera

21 1973 23 2036 5
90 1997 164 2056 nulla
185 1997 390 2066 haberemus,
414 2003 536 2066 etuas,
561 1996 822 2071 quemadmodum
844 1996 938 2058 decet
961 1997 1149 2067 Electorem,
1173 1999 1315 2059 etfilius
1426 2068 1428 2072 ¹

91 2105 202 2168 noster,
227 2099 492 2174 quemadmodum
515 2078 692 2174 principem
716 2099 826 2169 decet,
849 2117 907 2159 nos
931 2115 1123 2176 gereremus.

164 2201 253 2271 Quod
274 2203 371 2262 etiam
394 2203 477 2262 alios
501 2200 652 2262 articulos
673 2207 840 2276 praeterea
862 2204 894 2262 C.
918 2201 956 2264 tt.
980 2210 1090 2276 posset
1121 2199 1232 2262 audire
1254 2203 1315 2262 deo

93 2302 224 2374 volente,
256 2304 351 2364 etde
374 2304 456 2378 ipsis
479 2303 676 2372 deliberare,
705 2309 801 2377 atque
831 2319 937 2380 ogere.
993 2303 1069 2364 Sive
1099 2309 1204 2365 autern
1227 2305 1315 2366 ride-

92 2409 165 2460 retur
186 2395 399 2480 opportunum
422 2404 552 2473 uenire,
577 2403 647 2462 sire
671 2419 763 2464 secus
786 2404 966 2474 videretur,
995 2406 1077 2480 petit
1101 2406 1197 2465 etiam
1221 2407 1253 2465 C.
1278 2405 1316 2465 Μ.

91 2508 118 2560 ut
143 2503 311 2582 deinceps,
346 2506 448 2566 donee
478 2507 508 2566 G.
533 2504 570 2564 M.
595 2505 719 2564 veniret
748 2506 927 2582 Augustam·
958 2513 991 2566 et
1021 2507 1061 2566 de
1091 2507 1143 2567 his
1175 2505 1315 2584 negotiis

91 2604 189 2666 bonam
211 2608 446 2670 ordinationem
468 2608 606 2676 laceret,
637 2608 740 2668 nostri
765 2609 1006 2669 concionatores
1029 2615 1172 2679 taceant,
1202 2616 1236 2669 ut
1259 2611 1315 2670 mi-

21 2763 22 2770 ,
90 2723 138 2765 nus
160 2709 200 2768 sit
224 2709 485 2786 disputationum.

21 2869 22 2894 ἶ
161 2812 208 2870 Ad
232 2817 406 2874 extremum
429 2812 537 2874 addita
568 2817 617 2870 est
641 2812 847 2886 imperatoria
878 2814 1012 2890 petitio,
1040 2822 1075 2874 ut
1098 2814 1253 2890 quidquid
1276 2813 1315 2874 ad

21 2945 22 2984 ι
89 2911 158 2972 haec
186 2917 292 2976 omnia
322 2923 353 2976 ct
379 2916 509 2993 singulo
538 2931 726 2992 responsum
762 2916 874 2986 fuerit,
908 2933 1045 2992 propere
1080 2925 1112 2978 et
1141 2907 1315 2996 diligenter

21 3029 22 3060 2
90 3030 183 3076 rursus
208 3020 240 3080 G,
262 3019 300 3078 Μ.
324 3025 359 3078 ut
382 3021 477 3088 sciat,
502 3017 578 3092 quid
601 3018 644 3076 sit
668 3017 915 3090 expectandum,
942 3019 1142 3097 significetis.

21 3111 23 3136 *
164 3121 258 3182 luitio
281 3121 405 3198 agimus
427 3122 546 3198 gratias
570 3121 601 3179 C.
618 3118 656 3178 M.
677 3120 805 3180 domino
829 3127 937 3181 nostro
961 3123 1220 3192 clementissimo,
1245 3139 1315 3184 curn

21 3291 23 3306 .
90 3219 183 3282 debita
213 3225 396 3285 reverentia
419 3231 451 3284 et
473 3223 659 3284 obedientia
688 3221 854 3306 propter²)
886 3225 1154 3301 significationem
1176 3226 1313 3285 clemen-

90 3321 145 3382 tiae
171 3342 313 3389 summae
341 3343 422 3404 erga
448 3344 526 3396 nos,
562 3332 593 3385 et
622 3327 797 3402 praecipue
823 3333 1012 3402 propterea,
1046 3327 1132 3402 quod
1153 3325 1313 3388 Maiestati

90 3441 155 3484 suae
184 3437 307 3504 gratum
337 3430 414 3498 fuit,
450 3425 533 3504 quod
567 3445 626 3488 nos
660 3428 847 3488 obedienter
883 3429 1053 3490 obtulimus
1086 3429 1127 3491 ed
1159 3445 1197 3490 ea
1231 3445 1313 3505 quae

90 3528 249 3598 christiano
274 3532 423 3608 principe
450 3531 547 3608 digne
578 3537 666 3600 sunt,
702 3530 820 3590 deinde
849 3533 934 3607 quod
956 3533 987 3591 G.
1011 3531 1049 3592 ut.
1079 3547 1141 3592 non
1164 3539 1313 3608 gravatur
1394 3526 1396 3531 ’

90 3648 138 3692 nos
159 3651 262 3699 coram
285 3635 327 3696 ed
350 3634 386 3694 M.
403 3634 434 3696 S.
449 3634 604 3704 invitare,
627 3640 660 3692 et
682 3633 838 3716 singulari
861 3634 1031 3694 clementie
1048 3634 1208 3712 significat
1224 3651 1313 3694 suam

90 3732 120 3792 ll.
140 3739 299 3800 nobiscum
324 3744 378 3798 eut
401 3755 471 3796 cum
492 3737 561 3796 filio
584 3742 692 3796 nostro
708 3735 749 3794 de
765 3737 949 3814 praecipuis
969 3737 1126 3813 negotiis,
1151 3736 1209 3795 sed
1225 3741 1313 3798 certe

89 3839 278 3910 conditione,
301 3839 384 3900 siout
407 3839 574 3902 instructio
598 3845 838 3909 commemorat,
875 3856 932 3916 per
955 3855 1029 3899 sese
1052 3839 1138 3898 velle
1162 3839 1312 3915 colloqui.

21 3935 22 3942 ’
162 3940 223 4002 llos
246 3957 323 4002 vero
344 3938 479 4001 manime
494 3940 701 4016 cupiebamus
717 3941 782 4016 ipsi
801 3957 871 4000 curn
890 3939 958 4000 filio
975 3947 1103 4009 nostro,
1126 3955 1185 4016 pro
1204 3947 1312 4002 nostro
1386 3925 1392 3936 ⁸

91 4040 200 4112 cilicio,
231 4061 294 4118 quo
322 4043 426 4119 magis
457 4043 602 4119 conspici
637 4049 744 4104 nostre
781 4059 857 4119 erga
887 4042 917 4101 C.
942 4041 980 4102 M.
1005 4043 1187 4103 reverentia
1216 4049 1313 4128 atque

92 4143 260 4206 obedientia
293 4150 422 4218 posset,
456 4145 497 4204 ad
525 4147 556 4204 d.
574 4145 625 4226 ltl.
655 4145 771 4228 stetim¹
797 4143 891 4204 initio
926 4143 1107 4220 proficisci,
1143 4150 1311 4220 postquam

92 4246 264 4308 rescivimus
286 4249 317 4310 G.
342 4247 380 4306 M.
405 4247 536 4308 venisse
559 4248 597 4308 ad
625 4246 773 4318 lusbrulr,
803 4245 1065 4323 quemadmodum
1098 4252 1130 4306 et
1152 4245 1209 4306 alii
1242 4246 1311 4321 qui-

93 4361 280 4376 ’Ἅι-...-

165 4415 189 4481 l)
213 4417 362 4469 obtulimus
381 4419 443 4485 nos]
464 4418 628 4485 Chytraeus:
655 4434 703 4470 nos
723 4387 885 4477 obtulimus}
917 4415 1118 4484 autographum
1138 4416 1236 4469 habet:
1262 4431 1311 4468 noa

93 4495 220 4554 attulimus
239 4517 299 4558 nee.
1046 4499 1049 4509 ’

163 4588 192 4656 t)
213 4585 340 4658 propter]
362 4589 401 4640 sie
420 4589 588 4655 thtrteus3
607 4591 634 4640 in
655 4588 827 4656 autographo
847 4587 935 4644 deest.
