3152 5208
717 305 901 398 ιιιιιιιιιιιι.
981 342 985 352 ,
1366 288 1432 396 ⁵31¹.
1481 231 1488 244 ι

184 473 270 552 ιιοιιι
298 473 317 516 e
352 473 403 548 me
442 464 473 519 et
498 459 684 543 Westplralo
719 461 837 522 dudum
873 478 1058 552 responsum
1089 469 1147 549 est.
1193 464 1305 568 Ωιιιιιθ
1320 465 1432 561 Vestra,

189 547 280 632 edita
299 535 460 654 coniessio
485 563 576 637 nohis
607 564 730 642 efficax,
763 565 884 660 firmum
906 541 1107 660 ιιιιιιιιιιιιιιιιι
1130 565 1204 626 tes
1182 573 1348 649 rmumum
1371 570 1430 666 est.

187 629 291 752 Hahes
314 661 411 742 igitur
435 670 557 727 nostras
580 633 880 757 demonstrationes,
918 684 1051 770 ιιιιιιιι
1031 667 1112 730 vivis
1135 641 1330 756 testimoniis
1358 684 1432 763 ιιιιι-ι

188 766 255 829 heri
277 786 319 844 po
322 773 441 851 terunt,
464 775 498 829 ut
522 769 638 831 dictum
662 775 727 842 est,
765 787 804 846 ex
828 753 946 863 quibus
965 738 1167 834 manifestum
1191 775 1251 844 est,
1287 789 1355 870 nos
1368 769 1429 830 Ve-

187 877 285 934 stram
307 871 465 950 Lipsioam
488 871 652 936 formulam
685 880 738 964 out
773 874 902 937 Interim
936 875 1034 970 nullo
1055 874 1147 935 modo
1182 873 1326 937 falsasse
1352 853 1429 934 Hic

187 991 248 1054 ego
272 982 304 1035 te
328 982 463 1074 propter
481 976 583 1061 Deum
607 994 662 1064 oro
686 995 724 1039 ec
748 981 891 1048 obsecro,
925 983 959 1057 ut
988 993 1092 1070 meum
1115 979 1201 1073 pects
1225 958 1362 1075 studium
1384 985 1429 1038 et-

186 1082 275 1140 teme
298 1084 333 1140 et
352 1077 406 1156 pio
432 1087 563 1156 pectore
584 1055 776 1180 perpendas,
810 1083 864 1162 qui
892 1079 919 1142 si
942 1097 1091 1167 cuperem
1115 1049 1264 1186 ιιιιιιιιιιι
1279 1061 1427 1182 triamque

69 1183 73 1192 '
185 1183 299 1244 lamam
321 1183 462 1254 laedere,
486 1183 562 1266 quid
584 1184 686 1260 magis
710 1188 863 1267 exoptare
886 1186 1054 1284 deherem,
1082 1201 1174 1283 ιιιιιιιιι
1197 1188 1230 1274 le
1253 1161 1315 1285 ιἰοιι
1336 1200 1425 1271 prae

186 1284 338 1346 monitum
358 1286 425 1374 tale
448 1283 570 1388 aliquid
593 1307 655 1376 ιιοιι
680 1305 829 1381 exiguum
857 1285 936 1350 mihi
958 1267 1102 1383 ιιιιιειιιιιι
1119 1259 1248 1376 p'uhlice
1272 1265 1426 1359 obiicere,

184 1377 361 1464 quodcum
386 1377 554 1467 splendide
577 1367 815 1485 refutassemus,
849 1409 908 1453 nos
931 1369 1064 1483 quidem
1088 1406 1145 1465 pro
1167 1388 1358 1480 insentibus,
1395 1397 1428 1454 tu

184 1507 262 1552 vero
287 1510 343 1568 pro
370 1491 598 1577 calumniatore
622 1496 659 1556 ab
684 1461 829 1558 omnibus
852 1494 1029 1589 habereris,
1064 1512 1101 1586 ac
1123 1467 1221 1590 simul
1241 1501 1310 1556 tota
1333 1511 1427 1555 causa

184 1593 338 1656 caderes?
372 1566 463 1658 Certe
487 1615 549 1659 nou
572 1599 667 1685 facile
688 1601 788 1662 ullum
811 1598 1024 1697 ιιῑίιιιιιιθιιιι
1025 1615 1073 1682 am
1095 1569 1280 1698 ειοιιιιιιιιι·
1271 1597 1427 1668 invenias,

185 1698 239 1778 qui
276 1716 335 1760 sua
356 1698 425 1788 iura
459 1717 516 1762 suo
540 1701 723 1765 adversario
747 1710 820 1784 ante
843 1701 1038 1784 iudiciorum
1058 1709 1218 1799 certamen
1240 1679 1305 1763 'tam
1328 1686 1427 1763 mani·

185 1805 268 1864 feste
292 1803 447 1869 ostendat.

269 1941 451 2007 Secundum
473 1947 523 2007 est
556 1943 639 2018 quod
663 1944 744 2008 dicis
779 1949 812 2003 te
845 1959 1002 2020 nunquam
1038 1935 1266 2017 subscripsisse
1296 1940 1424 2021 Lipsico

182 2042 324 2106 Interim.
357 2046 405 2105 Αιι
431 2045 553 2108 interea
575 2063 685 2108 cerum
703 2044 835 2110 adfuisti
858 2046 982 2121 totique
997 2046 1126 2124 regioni
1150 2042 1320 2111 consilium
1335 2051 1423 2123 tuum

183 2147 384 2226 aliorumque
400 2150 620 2227 theologorum
641 2152 766 2224 petenti
788 2151 924 2216 tetradeo
947 2149 1027 2212 illud
1049 2157 1082 2216 to
1107 2165 1165 2226 per
1188 2149 1324 2224 triduum
1348 2149 1424 2222 serit

184 2254 260 2313 here
294 2249 356 2335 (uti
378 2253 487 2330 piures
512 2251 638 2318 nomios
661 2269 698 2316 ac
720 2251 800 2319 serii
823 2252 893 2327 Viri
928 2269 968 2314 ex
993 2251 1173 2330 praecipuis
1208 2252 1286 2316 mihi
1321 2269 1424 2328 aarum

184 2363 256 2417 sunt
278 2355 403 2437 testati)
426 2355 584 2422 simulasti
608 2364 641 2420 et
663 2364 777 2435 postea
798 2374 855 2436 pro
882 2356 932 2434 pio
958 2363 990 2418 et
1009 2355 1081 2420 utili
1103 2354 1223 2433 scripto
1246 2355 1281 2428 in
1297 2355 1425 2434 publica

184 2459 311 2522 actione
335 2477 440 2522 coram
463 2458 662 2538 proposuisti
686 2467 718 2522 et
730 2461 855 2524 demum
867 2477 937 2524 cum
959 2459 1086 2528 nobiles
1110 2465 1144 2520 et
1167 2457 1424 2536 civitatesqpae-

182 2564 253 2624 dam
276 2563 408 2626 tetriora
429 2563 461 2626 in
485 2581 524 2625 eo
548 2569 722 2636 laxassent,
744 2566 848 2628 lassus
867 2579 902 2626 es
926 2563 1005 2626 illud
1027 2579 1101 2630 esse
1126 2581 1187 2631 nou
1200 2564 1302 2646 solum
1324 2570 1422 2636 tuum,

182 2667 357 2729 sedetiam
379 2667 513 2731 eliorum
535 2667 767 2749 theologorum
801 2668 856 2746 ιιιιι
887 2670 1057 2750 abessent,
1081 2682 1183 2743 eaque
1206 2665 1311 2737 omnia
1341 2682 1423 2744 quae

183 2769 231 2832 illi
264 2773 545 2854 reprehenderant,
582 2772 750 2836 excusasti.
798 2772 915 2833 vivunt
949 2769 1053 2836 cdhuc
1075 2769 1171 2840 hodie
1205 2770 1295 2838 mille
1328 2769 1422 2843 huius

180 2875 230 2935 rei
254 2875 373 2937 oculati
395 2881 506 2936 testes.
550 2875 616 2936 Hoc
638 2877 801 2953 aliquanto
836 2875 900 2937 imo
935 2874 1086 2950 centuplo
1119 2871 1221 2937 metus
1244 2880 1294 2936 est
1331 2887 1423 2950 ιιιιιιιιι

181 2984 302 3040 tautum
325 2993 417 3039 manu
440 2975 648 3040 subscribere.
680 2978 742 3041 lam
766 2979 872 3056 cogita
895 2993 987 3052 quem
1009 2975 1091 3041 iusta
1115 2975 1158 3039 sit
1180 2976 1237 3045 ille
1252 2983 1314 3052 ⁴tua
1335 2993 1421 3045 eter-

181 3082 221 3143 ba
244 3081 323 3153 Vox,
347 3081 431 3157 ιιιιιιιι
454 3080 567 3144 talibus
591 3080 797 3144 artiiioiis
821 3086 965 3144 veterem
988 3078 1122 3145 amioum
1146 3096 1335 3164 oppugnent.
1402 3127 1404 3134 .

267 3220 407 3305 Tertium
432 3221 588 3297 estquod
613 3235 781 3282 asseveras
805 3217 977 3280 doctrinam
1002 3233 1074 3278 esse
1106 3235 1234 3296 semper
1256 3235 1365 3312 puram
1390 3227 1423 3281 et

181 3323 337 3401 integram
361 3330 518 3386 servatam
542 3325 575 3384 in
598 3330 665 3386 tota
687 3320 903 3400 Adiaphorica
925 3322 1063 3384 actione.
1093 3321 1180 3399 Rogo
1206 3328 1239 3382 te
1261 3337 1320 3400 per
1334 3321 1422 3383 Chri·

182 3431 277 3498 stum,
299 3432 334 3487 ut
357 3429 452 3502 paulo
466 3426 558 3489 eitius
583 3425 647 3490 ista
667 3425 845 3497 mediteris,
859 3424 1026 3501 animoque
1048 3429 1147 3487 totam
1171 3441 1241 3487 eam
1264 3424 1420 3488 actionem

182 3537 322 3616 repetas,
346 3547 451 3608 neque
485 3538 592 3593 contre
613 3539 700 3592 tuam
722 3528 951 3591 conscientiam
976 3534 1007 3588 et
1030 3517 1237 3618 manifestam
1252 3531 1418 3606 experiari·
1519 3559 1524 3571 ›

184 3635 260 3695 tium
294 3635 325 3696 in
348 3635 407 3695 hac
430 3635 672 3696 asseveratione
703 3633 866 3712 persistas.
911 3633 975 3692 Nos
1000 3632 1084 3693 enim
1107 3634 1276 3694 manifeste
1299 3639 1421 3694 contra-

181 3739 260 3800 rium
284 3741 419 3816 probare
442 3757 620 3815 possumus.
666 3739 743 3800 Nam
776 3739 808 3800 in
833 3735 959 3814 Lipsica
980 3737 1116 3800 formula
1150 3752 1305 3814 nusquam
1329 3735 1419 3814 peni-

179 3845 230 3903 tus
255 3843 415 3904 invenitur
438 3845 507 3904 sole
528 3842 625 3914 fides,
661 3847 768 3904 oontra
801 3839 971 3916 invenitur,
1005 3835 1200 3903 Necessaria
1225 3857 1299 3904 esse
1322 3855 1421 3919 opere

179 3947 218 4006 ad
241 3948 385 4034 salutem.
431 3948 508 4029 ltem
531 3943 657 4023 quoties
680 3945 719 4006 de
742 3945 806 4006 fide
830 3943 1023 4006 iustificante
1046 3944 1161 4023 agitur,
1183 3952 1249 4005 tum
1272 3941 1319 4004 ihi
1340 3941 1420 4003 dici-

180 4055 231 4110 tur
253 4049 346 4111 Fides
371 4047 422 4110 cui
446 4053 496 4126 est
519 4050 667 4111 adiuncta
690 4048 826 4110 charitas
849 4056 881 4109 et
906 4049 989 4111 aliae
1012 4047 1148 4110 virtutes
1171 4047 1333 4118 iustificat,
1357 4053 1418 4109 etc.

179 4152 271 4233 Quid,
294 4167 426 4236 quaeso,
448 4155 509 4214 hoc
532 4153 618 4216 aliud
642 4160 701 4225 est,
728 4169 819 4229 quam
842 4153 921 4215 fides
944 4155 1077 4236 tenuata
1099 4153 1254 4214 charitate
1280 4156 1314 4212 et
1336 4157 1418 4212 cete·

180 4257 226 4318 ris
250 4256 435 4329 virtutibus,
468 4273 527 4319 seu
549 4258 630 4342 fides
665 4265 697 4319 et
720 4256 865 4334 reliquae
888 4261 1021 4320 virtutes
1045 4244 1242 4318 iustificam?
1285 4258 1419 4317 Annon

178 4365 246 4422 tota
267 4363 348 4424 haec
369 4363 504 4423 formula
534 4359 579 4424 ite
601 4361 659 4424 luit
682 4361 787 4423 studio
811 4367 987 4439 temperata
1011 4368 1043 4423 et
1065 4368 1256 4439 comparata,
1291 4365 1327 4421 ut
1350 4373 1419 4420 oum

179 4463 308 4525 Interim
344 4464 507 4541 totiusque
530 4472 665 4544 papatus
689 4464 832 4528 doctrina
868 4449 1085 4543 congrueret?
1130 4464 1207 4538 Quis
1243 4479 1306 4526 non
1328 4461 1418 4525 videt

179 4568 212 4658 in
237 4549 459 4661 praecipitium
481 4566 617 4631 nostram
642 4567 814 4669 doctrinam
838 4567 992 4670 hocloco
1016 4565 1197 4664 productam
1221 4560 1331 4666 fiisse.
1368 4567 1417 4628 De
