3072 5208
503 386 749 480 surrusueu'rn
769 403 851 457 narn
875 405 949 459 roan.
1287 373 1364 448 tdd'

207 576 291 654 clyti
317 567 488 652 Principis
515 563 622 628 Docta
650 561 829 624 Soa-oniae
855 557 1021 622 macroris
1054 567 1115 618 eto.
1146 551 1266 633 fratri

641 685 700 726 suo
723 669 840 726 carisa.

188 809 190 812 ⁵
222 829 253 890 S.
284 827 320 888 D.
362 825 527 904 Magnifice
551 822 579 881 d.
604 821 720 882 uector
750 824 782 878 et
806 815 915 882 carisa.
939 817 1043 876 irater.
1089 813 1221 872 Omnino
1245 811 1353 870 Trevi-

113 935 180 996 rira
204 931 343 1001 obsidio,
367 931 418 992 lax
442 928 502 991 erit
525 924 725 988 horribilium
748 922 909 985 bellorum.
937 933 1100 995 precemur
1122 912 1219 974 filiurn
1243 910 1296 971 dei
1318 917 1354 972 ut

114 1055 173 1100 nos
197 1037 352 1114 gubernet
376 1039 408 1092 et
432 1034 590 1108 protegat,
613 1034 645 1088 et
668 1025 768 1088 leniat
790 1040 923 1102 poenas.
959 1021 1030 1082 Post
1052 1024 1139 1079 tuum
1162 1015 1222 1078 iter
1244 1013 1353 1090 aeeepi

113 1142 226 1204 literas
249 1138 424 1200 amisorum
444 1135 484 1196 de
509 1132 622 1194 iisdem
648 1127 810 1207 periculis,
857 1125 946 1188 Mitto
971 1123 1062 1186 vobis
1092 1128 1124 1183 et
1147 1120 1291 1199 pagellas
1320 1121 1352 1175 et

112 1241 366 1318 disputationis,
390 1243 422 1302 el
444 1238 484 1298 de
506 1237 637 1300 doctore
660 1230 812 1292 btiliohio.
857 1226 959 1292 Hodie
992 1225 1142 1304 respondi
1174 1223 1255 1286 Duoi
1276 1221 1354 1281 Aca-

112 1345 241 1408 demiae
263 1342 475 1421 tubingensis
506 1337 600 1400 etad
623 1354 693 1398 earu
716 1352 865 1412 provoco,
901 1333 965 1393 leci
988 1327 1182 1392 mentionem
1214 1323 1278 1386 mei
1298 1340 1350 1398 pa-

111 1451 181 1520 tris,
207 1456 240 1510 et
262 1445 445 1522 Capnionis,
469 1443 571 1520 petivi
594 1457 634 1506 ne
658 1440 737 1500 mibi
772 1436 924 1498 irascatur
948 1451 1009 1496 non
1032 1433 1148 1494 audito.
1195 1429 1259 1490 Sed
1281 1443 1349 1502 pro-

111 1554 198 1614 ieoto
214 1568 317 1628 aequo
330 1548 433 1611 animo
457 1549 556 1610 leram
579 1543 698 1619 exquelii
722 1540 829 1603 mein
853 1540 970 1608 Asiam,
994 1554 1064 1599 cum
1086 1533 1185 1602 toties
1209 1527 1353 1605 theologi

112 1661 222 1719 eontra
247 1670 298 1722 rae
327 1651 489 1729 principes
512 1649 661 1718 incitent,
684 1662 763 1721 qrros
786 1659 856 1704 eum
873 1657 1013 1710 nurnero,
1044 1639 1246 1708 soliorresco.
1289 1631 1352 1691 Sed

111 1759 173 1818 deo
199 1773 249 1820 me
274 1755 467 1816 omninendo.
511 1753 597 1814 Bene
620 1750 699 1810 vale.
743 1746 798 1808 die
821 1747 860 1807 21
885 1744 1033 1806 Novernb.

1048 1860 1226 1936 Phiiippus.

624 2037 830 2052 —nu—-Oo

112 2267 186 2328 uos.
223 2263 403 2322 narsum.
448 2262 591 2343 (ronrx.
614 2257 743 2342 pora.)
1213 2251 1354 2352 aaron

221 2348 393 2375 Μ
1220 2333 1344 2366 Μ

225 2517 228 2524 .
297 2556 300 2564 Δ
373 2451 634 2546 christophoro
661 2454 761 2528 Duri
788 2449 1126 2544 Wirtemberqenoi.

200 2621 240 2673 ux
260 2621 354 2674 eonem
375 2621 502 2675 uremur
521 2581 589 2673 utura
609 2622 697 2690 poor
715 2637 755 2686 sq.
776 2619 973 2674 n0.ttch1v.

111 2793 348 2858 lantramno
374 2800 527 2876 principa·
559 2815 601 2856 oo
629 2793 779 2868 domno,
821 2794 952 2856 domino
989 2787 1223 2872 christophoro
1262 2785 1355 2853 Daca

195 2902 234 2960 ἐκ
261 2895 474 2978 Winenbarg
496 2908 528 2959 et
552 2894 666 2960 Tdeok
688 2908 750 2961 ato.
772 2908 805 2957 et
826 2895 945 2962 marat
961 2891 1270 2974 thspettgardi,

497 3001 628 3063 domino
650 3021 709 3062 auo
731 3002 992 3062 clementissimo.

222 3156 438 3218 illustrissime
473 3174 508 3217 ae
537 3154 788 3217 clementissime
818 3153 974 3231 princeps.
1019 3151 1123 3228 Saepe
1153 3147 1352 3210 hauddubie

112 3261 238 3322 audivit
262 3259 548 3330 Celsitudovestro‚
572 3259 677 3320 llorern
702 3260 841 3319 Graecae
865 3256 1041 3318 Nobilitatis
1063 3256 1262 3332 Argonautas
1287 3267 1354 3312 sus-

114 3363 247 3440 cepisse
270 3363 439 3439 gloriosam
464 3361 702 3440 expeditionem
731 3362 761 3422 in
788 3363 911 3432 Asiam,
951 3358 1002 3420 oni
1033 3357 1192 3420 simillima
1215 3357 1274 3416 init
1297 3371 1351 3415 ex·

114 3465 253 3542 poditio,
278 3483 370 3540 qnam
395 3472 604 3543 susceperunt
626 3464 657 3526 iu
672 3464 779 3526 Asiam
804 3480 872 3526 eum
897 3462 1066 3526 Godetrido
1091 3460 1192 3522 Gnelfi
1216 3455 1351 3518 maiores

114 3567 324 3630 Celsitndinis
360 3575 494 3632 vestrae.
541 3571 574 3630 ln
606 3570 660 3629 ilio
689 3547 822 3630 historia
855 3571 997 3630 vetorum
1029 3569 1273 3642 argonautarum
1307 3559 1353 3619 ait

114 3669 310 3749 praecipuus
333 3671 420 3732 Dux:
465 3672 496 3732 ln
522 3670 676 3732 communi
707 3670 851 3749 periculo
885 3668 1135 3730 deliberationes
1170 3678 1352 3725 communes

118 3789 196 3836 esse
219 3769 347 3843 debent,
374 3777 406 3833 et
427 3775 495 3833 mult
515 3774 625 3850 plures
648 3775 781 3835 comites
805 3773 912 3838 audiri}
948 3773 981 3834 ld
1005 3771 1138 3830 maxime
1162 3769 1193 3830 in
1207 3766 1353 3834 bmlosta

113 3877 185 3936 fieri
211 3877 386 3950 oportebat.
431 3876 477 3937 De
501 3878 658 3939 communi
681 3896 776 3942 eausa
795 3880 904 3954 piures
926 3878 1091 3940 audiuntur
1120 3880 1152 3934 et
1173 3874 1278 3935 adsint
1306 3869 1353 3948 pii

115 3977 279 4054 principes
308 3979 539 4056 gubernatores
561 3980 726 4056 colloquii.
772 3979 803 4038 in
827 3979 884 4040 tali
907 3994 1060 4040 consessu
1093 3978 1228 4038 libenter
1258 3992 1354 4050 expo·

116 4099 188 4142 nam
212 4081 254 4141 de
278 4081 423 4143 omnibus
438 4083 665 4144 controversiis
689 4091 722 4144 et
745 4082 978 4145 contessionem
995 4099 1094 4145 meam
1118 4086 1148 4142 et
1171 4079 1354 4142 testimonia

115 4182 301 4260 cognitione
326 4185 424 4262 digna
446 4193 479 4246 et
502 4188 625 4262 synodo
648 4185 799 4246 iudicium
823 4187 1011 4264 permittam.
1058 4186 1203 4248 Graviter
1225 4201 1275 4245 me
1303 4200 1353 4246 ae-

116 4293 207 4349 cusat
231 4287 391 4350 Celsitudo
405 4297 522 4362 vestre,
546 4292 627 4367 quod
653 4297 778 4354 naturas
803 4288 833 4352 iu
859 4287 985 4352 Christo
1008 4286 1167 4359 divellam,
1190 4268 1366 4366 quiadixi'

115 4399 246 4452 veteres
270 4391 319 4452 sic
340 4393 438 4468 toqui,
470 4393 549 4454 bano
571 4392 820 4471 propositionem
845 4409 949 4453 veram
974 4408 1047 4453 esse
1084 4393 1124 4452 de
1147 4391 1354 4454 communica-

117 4494 207 4556 tione
231 4489 431 4556 idiomatmn:
467 4496 610 4556 Christus
640 4503 689 4556 est
712 4495 837 4570 ubique.
881 4494 972 4558 Extat
1006 4480 1287 4574 haec'pr·oposilio
1320 4493 1352 4554 in

117 4599 284 4658 multorum
308 4595 454 4672 seriptis,
489 4597 544 4674 qui
581 4606 683 4659 tamen
718 4616 776 4659 non
796 4589 952 4659 divellunt
983 4606 1109 4661 naturas
1140 4599 1172 4660 iu
1202 4600 1352 4672 Christ03

119 4701 255 4779 Cumque
279 4697 409 4761 Brumae
431 4698 603 4779 disputatio
627 4699 684 4763 illa
711 4709 794 4764 mota
818 4709 906 4764 esset
927 4710 1000 4765 ante
1023 4701 1282 4779 quinquennium,
1304 4702 1352 4762 An
