3116 5212
625 399 808 454 arraunrx.
1004 336 1007 341 Ι
1129 338 1131 342 ⁵
1260 377 1322 454 att

95 557 270 631 periculose
292 557 445 618 dicuntur.
480 559 587 618 Recte.
623 556 696 618 ideo
720 563 773 618 out
795 556 936 619 vitentur
958 564 1011 619 aut
1036 557 1246 637 explicentur,
1264 575 1327 620 non

95 664 195 720 autem
219 659 409 736 simpliciter
431 661 626 721 damnentur.

192 793 228 858 5?
242 797 315 857 Alia
327 797 479 858 formula:
504 797 576 860 iton
599 793 648 874 loti
670 797 731 872 oud
754 799 825 877 atat
847 800 901 876 otto
923 802 1019 861 talen:
1044 797 1156 876 ditoni
1179 801 1243 881 pact
1266 801 1327 864 ciet

91 901 161 976 matt
183 899 229 960 ott
262 897 512 970 iustificationis,
546 899 643 970 fides,
676 899 882 970 inhabitatio,
918 903 999 962 bona
1020 918 1126 978 opera.
1173 902 1327 962 Noritatis

92 1000 227 1062 studium
251 999 330 1062 mihi
354 1017 481 1080 quoque
504 1001 569 1080 ipsi
592 999 727 1064 mirifice
750 1002 909 1078 displicet,
934 1005 989 1064 sed
1014 1006 1042 1070 si
1073 1005 1206 1066 candide
1230 1005 1327 1066 inter·

91 1109 249 1178 pretamur
273 1103 390 1166 dictum
415 1105 493 1165 illud
516 1103 642 1166 iacobi:
667 1105 766 1166 Homo
791 1105 978 1168 iustificetur
1002 1124 1041 1169 ex
1063 1107 1166 1178 factis,
1190 1114 1222 1167 ει
1246 1109 1326 1170 alias
1430 1171 1432 1176 ,

91 1206 224 1267 tolerare
248 1224 416 1284 possumus
439 1208 500 1267 hoc
524 1208 663 1270 dictum:
707 1205 908 1270 Sacramenta
930 1208 1114 1282 iustificam,
1139 1228 1199 1272 non
1218 1210 1327 1283 ¹video,

90 1327 141 1370 cur
163 1311 361 1372 abiiciendus
385 1309 438 1381 sit,
475 1309 504 1371 si
541 1311 612 1386 quis
648 1307 703 1372 illa
724 1312 858 1373 formula
892 1312 999 1374 addita
1033 1316 1088 1390 pie
1110 1313 1326 1394 explicatione

89 1420 199 1475 utatur.
244 1414 313 1475 Non
336 1413 464 1492 ignoras
489 1413 574 1475 enim
590 1415 776 1476 vocabulum
801 1413 1035 1477 iustificationis
1058 1436 1120 1478 non
1143 1434 1239 1478 unum
1260 1423 1327 1477 tan·

89 1525 151 1577 tum
174 1515 390 1596 significatum
411 1519 552 1581 habere.
574 1516 749 1580 iustificata
772 1523 821 1579 est
845 1520 1044 1597 sapientiae
1066 1519 1143 1582 filiis
1167 1521 1243 1582 suis.
1268 1519 1327 1581 ilic

89 1618 252 1684 iustificari
275 1629 324 1684 εει
348 1624 381 1684 in
405 1623 455 1684 ius
478 1620 589 1683 vocari
613 1621 663 1682 vel
687 1623 901 1686 condemnari.

175 1739 205 1822 6.
240 1759 318 1838 iliata
341 1759 399 1824 aaa
431 1763 489 1839 fiat
523 1765 593 1842 gont
627 1761 852 1843 punctuation:
898 1761 1090 1825 obedientia
1113 1761 1231 1823 Christi
1260 1763 1326 1827 tulto

93 1867 197 1942 peccat
219 1863 349 1928 iusticia
373 1865 497 1943 tropice
522 1873 579 1926 etc.
625 1864 725 1944 Supra
749 1881 823 1926 vere
845 1865 963 1929 dictum
987 1874 1046 1939 cst,
1080 1867 1160 1927 hanc
1183 1865 1327 1927 Iustitiae

89 1965 324 2029 definitionem:
370 1967 500 2030 iusticia
524 1975 572 2029 est
602 1985 684 2044 quae
709 1968 807 2030 elficit
841 1969 962 2040 iustos,
999 1985 1073 2030 esse
1104 1964 1276 2054 canetenim⁴
1297 1969 1325 2034 si

90 2088 163 2150 ergo
188 2077 237 2132 est
262 2068 385 2156 νομική,
408 2079 494 2133 certe
517 2091 578 2134 non
605 2079 654 2132 est
677 2072 784 2148 impia.
821 2073 975 2136 Ponamus
998 2074 1081 2135 hanc
1103 2072 1248 2134 iustitiae
1271 2072 1324 2131 de-

89 2173 265 2237 finitionem
290 2192 364 2237 csse
398 2177 430 2237 in
455 2191 654 2254 suogenerc
677 2175 846 2252 propriam,
870 2184 903 2237 et
925 2177 1104 2240 conteratur
1127 2176 1166 2239 ad
1190 2192 1258 2236 eam
1291 2175 1324 2234 in

90 2278 200 2338 eodem
223 2294 345 2356 genera
368 2280 558 2341 obedientia
582 2279 711 2350 Christi,
734 2298 797 2340 non
820 2281 976 2357 peccabit,
1004 2281 1126 2359 opinor,
1158 2271 1211 2355 qui
1236 2279 1324 2338 dixe-

89 2381 128 2442 rit
149 2383 232 2443 hanc
256 2379 431 2460 improprie
469 2383 534 2444 dici
571 2380 740 2443 iusticiam.
786 2383 833 2442 Tu
855 2383 983 2460 quoties
1008 2381 1133 2454 scribis,
1167 2400 1225 2443 nos
1261 2380 1325 2441 fide

88 2483 187 2547 iustos
212 2501 296 2557 esse,
326 2487 413 2548 soles
436 2487 504 2548 tere
538 2503 699 2564 exponere
721 2503 780 2564 per
802 2487 884 2550 haec
907 2490 1013 2559 verba,
1052 2507 1109 2549 nos
1145 2502 1219 2547 esse
1253 2485 1322 2546 Deo

89 2597 246 2665 acceptos.
293 2589 379 2662 Quae
402 2597 450 2651 est
473 2606 550 2652 vera
573 2598 604 2650 et
627 2596 713 2652 recta
738 2591 908 2666 expositio.
951 2590 1013 2652 Sed
1036 2589 1146 2651 lateris
1170 2591 1230 2649 hac
1252 2589 1326 2664 ipse
1394 2635 1397 2642 ,

90 2693 295 2772 expositione
323 2709 437 2756 nomen
461 2694 539 2754 iusti
573 2709 632 2754 seu
669 2692 818 2755 iusticias
851 2692 936 2755 aliud
970 2696 1088 2756 habere
1111 2690 1324 2771 significatum

87 2813 177 2872 quam
201 2799 296 2875 vulgo
319 2798 478 2858 usitatum.
511 2801 556 2860 Ac
578 2797 792 2860 necessarium
816 2804 874 2869 ast,
900 2805 935 2859 ut
958 2815 1026 2859 cum
1041 2798 1155 2860 Paulus
1178 2797 1323 2872 frequen-

88 2899 211 2960 tissime
234 2906 339 2960 utatur
361 2897 563 2969 hebraismis‚
587 2899 778 2975 praesertim
810 2899 843 2959 in
866 2899 1086 2978 disputatione
1110 2899 1150 2958 de
1172 2897 1322 2960 iustifica-

89 3002 185 3075 tione,
209 3003 295 3081 tropi
320 3001 417 3064 alieni
441 2999 598 3064 sermonis
623 3002 829 3079 explicentur.
875 3004 936 3064 Sed
962 3011 995 3064 et
1023 3001 1179 3065 Osiander
1211 2997 1323 3061 incidit

88 3104 119 3165 in
142 3108 223 3166 hanc
246 3105 452 3183 phantasiam,
490 3107 575 3182 quod
609 3107 738 3167 verbum
761 3105 958 3168 testificandi
991 3107 1073 3180 apud
1096 3106 1225 3166 Paulum
1260 3120 1322 3163 non

87 3206 246 3271 intellexit
268 3211 403 3287 tropice,
427 3210 484 3271 sed
508 3211 607 3271 latino
632 3226 718 3272 more
741 3227 799 3286 pro
822 3211 894 3271 fieri
918 3209 1043 3270 iustum.

171 3365 262 3438 Quod
285 3370 391 3426 eutem
414 3371 447 3425 et
468 3366 530 3426 hoc
552 3362 681 3426 reiicis:
721 3365 864 3425 Christus
899 3363 1049 3425 iustificat
1083 3378 1141 3440 per
1162 3360 1321 3430 accidens,

85 3469 179 3530 video
204 3467 330 3545 quidem
353 3487 466 3531 novam
490 3485 564 3530 esse
580 3469 732 3546 loquendi
755 3469 929 3540 lorruulam,
954 3469 1011 3530 sed
1034 3468 1108 3544 quia
1130 3465 1209 3526 mihi
1233 3465 1322 3542 igno·

86 3575 148 3634 tum
172 3581 232 3644 est,
255 3588 316 3650 quo
340 3589 436 3634 sensu
459 3574 590 3644 dicatur,
613 3571 760 3648 relinquo
784 3573 816 3632 id
840 3571 908 3634 suis
932 3571 1134 3636 Authoribus.
1218 3587 1219 3590 ¹

179 3731 283 3803 Quare
318 3729 379 3790 etsi
414 3734 530 3805 elego
567 3729 624 3788 has
647 3745 747 3789 novas
771 3733 803 3788 et
826 3726 993 3788 inusitatas
1015 3727 1131 3788 forntas
1170 3720 1322 3798 loquendi

87 3833 139 3893 odi
162 3834 256 3908 peius
281 3847 358 3894 cane
383 3837 414 3892 et
437 3846 551 3908 angue,
585 3836 690 3892 tamen
715 3831 889 3893 cavendum
913 3831 985 3901 erit,
1022 3842 1062 3889 ne
1085 3827 1113 3888 si
1137 3826 1323 3902 simpliciter

86 3951 140 3996 eas
165 3937 262 3996 etiam
285 3936 317 3995 in
341 3935 393 4005 iis,
417 3951 501 4010 quae
525 3933 773 4012 explicationem
787 3940 921 3996 vestram
942 3934 1128 4009 approbant,
1153 3929 1321 3998 reliciatis,

84 4037 257 4100 videamini
281 4055 350 4099 cum
374 4045 478 4100 vostre
499 4039 713 4100 declaratione
737 4053 879 4115 pugnare
915 4052 951 4097 ac
986 4033 1089 4112 ipsum
1126 4047 1253 4109 quoque
1285 4031 1319 4092 D.

85 4144 315 4213 lutherum,
340 4139 395 4217 qui
418 4141 545 4202 nomine
571 4141 754 4203 essentialis
778 4139 930 4201 iusticiae
952 4137 1069 4199 alicubi
1091 4154 1167 4197 usus
1192 4141 1251 4205 est,
1275 4150 1320 4195 re-

84 4262 193 4307 rrcere.

170 4385 226 4445 Est
250 4392 280 4446 ει
303 4387 365 4446 lroc
389 4384 524 4461 periculi
546 4385 763 4463 metuendum,
786 4401 825 4444 ne
849 4379 1006 4447 ἀντίδικοι
1029 4388 1151 4444 sumant
1174 4380 1248 4442 hinc
1272 4399 1322 4440 oc-

85 4488 245 4549 casionem
269 4488 466 4550 vociferandi
488 4493 519 4548 et
543 4486 770 4563 conquerendi,
794 4487 878 4562 quod
901 4488 1066 4564 usurpetis
1091 4487 1122 4546 in
1146 4485 1321 4546 Ecclesiam

85 4587 293 4664 tyrannidem,
329 4597 363 4650 ut
400 4591 526 4652 etiamsi
561 4589 720 4666 quispiam
755 4589 920 4650 vobiscum
951 4595 1037 4650 recte
1062 4593 1093 4647 et
1116 4588 1171 4666 pie
1194 4585 1321 4657 sentiat,

85 4699 190 4754 tamen
226 4693 290 4755 nisi
323 4697 440 4757 vestris
464 4709 590 4772 quoque
616 4695 722 4755 verbis
752 4700 865 4765 utatur,
904 4692 1138 4755 condemnetur.
1185 4697 1320 4755 Annon
