3084 5208
450 321 695 374 surrnnuorrn
714 321 798 373 rum
816 321 892 376 maa
1226 303 1292 374 tet

75 479 140 556 ptui.
189 477 386 556 Turpissima
416 479 564 554 polluunt
591 476 734 555 coniugii
764 475 982 547 sanctitatem,
1013 475 1046 538 in
1076 481 1190 556 vulgus
1218 498 1293 540 con-

73 599 149 644 cessa
177 582 359 660 polygamia
383 587 416 643 et
439 580 587 642 divortiis
618 581 688 642 sine
718 581 785 641 nlla
808 581 881 657 lege
905 579 1033 642 alsine
1056 579 1152 640 iustis
1176 580 1293 642 causis.

72 686 124 746 llas
144 687 295 747 absurdas
320 695 350 746 et
371 687 469 747 salsas
494 681 664 760 opiniones
693 681 751 744 alii
780 682 955 744 astutiores
978 685 1213 760 amplectuntur
1234 701 1294 761 per

71 787 208 848 malitiam
242 787 369 850 incitati
400 789 551 867 grauibus
583 786 814 865 cupiditatibus
839 793 871 847 et
895 803 953 862 spe
977 786 1129 849 licentiae
1153 787 1292 850 maioris.

70 889 123 949 hlii
143 893 276 951 hebetes
307 909 365 968 per
394 891 607 969 ignorantiam
640 891 670 950 in
692 891 784 954 haec
815 888 896 950 retia
927 888 1070 950 incidunt
1098 889 1222 951 seducti
1252 893 1291 952 ab

70 993 301 1068 impostoribus,
340 994 415 1055 moti
445 992 679 1070 superstitione
707 999 843 1062 tantum,
880 998 914 1053 ut
945 991 978 1053 in
1009 994 1117 1054 multis
1153 993 1291 1056 animad-

70 1112 180 1156 versum
209 1105 267 1156 est.
320 1098 358 1158 Et
390 1100 471 1158 haec
501 1097 666 1158 barbarica
696 1088 852 1156 contusio*
873 1095 1137 1172 superstitionum
1170 1099 1292 1174 eropi-

69 1199 181 1259 nionum
212 1200 351 1275 erumpit
387 1202 511 1261 tandem
546 1200 600 1260 ubi
636 1197 775 1258 creverit
811 1214 958 1258 uumerus
987 1199 1018 1258 in
1049 1198 1229 1260 seditiones
1260 1207 1292 1260 et

69 1304 185 1374 caedes,
223 1311 257 1365 ut
288 1303 406 1364 accidit
437 1304 468 1364 in
499 1306 576 1364 urbe
604 1300 869 1370 Monosteriensi,
903 1303 1166 1375 quemadmodum
1198 1320 1293 1378 supra

70 1403 171 1466 dictum
201 1415 267 1477 est,
305 1415 338 1467 et
366 1413 562 1484 compertum
594 1412 643 1466 est
674 1405 706 1464 in
736 1403 812 1465 aliis
843 1405 1030 1479 quibusdam
1060 1404 1142 1466 locis
1171 1404 1292 1467 similia

71 1513 184 1568 conatos
217 1525 299 1568 esse.
356 1510 419 1569 Sed
450 1507 605 1585 singulari
632 1507 696 1567 Dei
724 1505 882 1566 beneficio
912 1506 947 1566 hi
978 1506 1130 1567 seditiosi
1159 1516 1292 1570 conatus

70 1609 172 1683 ubique
195 1629 309 1687 magua
339 1629 412 1671 eura
442 1611 486 1671 itu
511 1609 660 1686 repressi
692 1616 779 1678 sunt,
809 1616 843 1667 nt
866 1607 964 1668 lectio
993 1608 1049 1669 illa
1071 1611 1189 1670 nullam
1212 1611 1290 1670 eivi-

72 1717 150 1772 tatem
171 1720 297 1782 teneat,
320 1715 424 1774 nullos
448 1715 565 1774 babeat
587 1729 722 1786 usquam
745 1709 891 1787 publicos
916 1719 1038 1782 coatus,
1061 1715 1165 1773 nullas
1189 1713 1289 1775 eccle·

74 1814 135 1884 sins,
159 1817 343 1876 necterent
366 1815 588 1890 deprehensos
611 1798 672 1874 ulli
696 1813 751 1890 qui
775 1819 936 1890 praesunt,
960 1831 1019 1876 seu
1042 1813 1162 1876 addicti
1176 1833 1291 1893 papae,

75 1933 119 1976 seu
139 1917 277 1994 erupturi
300 1917 387 1994 piam
409 1925 445 1976 et
467 1935 577 1993 puram
602 1915 765 1994 euangelii
796 1916 988 1986 doctrinam,
1023 1919 1082 1978 sed
1104 1935 1218 1980 severe
1243 1919 1292 1979 ais

74 2020 277 2090 adversentur,
314 2038 376 2096 qua
406 2020 535 2096 quidem
558 2019 589 2079 in
614 2036 650 2080 re
672 2038 730 2080 nos
753 2021 835 2080 hanc
866 2018 1053 2081 adhibemus
1082 2020 1198 2082 iustam
1215 2041 1291 2084 nro·

74 2123 252 2184 demtionem
272 2127 314 2184 'et
343 2143 436 2200 quarn
465 2143 484 2184 a
514 2123 580 2199 piis
609 2121 848 2199 magistratibus
881 2122 1023 2198 requirit.
1081 2125 1161 2184 Cum
1189 2125 1291 2200 aliqui

73 2227 284 2303 Arraboptistae
308 2227 605 2304 deprehenduntur,
630 2242 842 2286 convocamus
862 2213 986 2300 aliquot
1010 2226 1153 2290 eruditos
1171 2233 1203 2286 et
1218 2229 1291 2304 pios

74 2329 316 2400 concionatores,
341 2350 376 2390 uc
402 2315 550 2390 iubemus
571 2335 604 2387 nt
628 2326 774 2388 refutatis
797 2326 888 2388 salsis
912 2327 1119 2404 opinionibus
1138 2347 1179 2391 ex
1196 2335 1292 2394 verbo

74 2431 122 2489 Dei
143 2433 259 2494 rectius
283 2433 419 2493 doceant
443 2439 601 2500 errantes,
634 2436 666 2489 ut
700 2437 858 2490 sanentur.
910 2433 956 2490 Ac
985 2432 1076 2492 multi
1108 2435 1169 2494 hcc
1197 2435 1290 2496 modo

66 2535 198 2612 revocati
221 2536 253 2596 iu
279 2536 363 2596 viam
387 2534 589 2611 resipiscunt.
611 2533 676 2595 .Ηὶ
699 2553 761 2593 nou
785 2532 975 2594 adficiuntur
998 2535 1114 2610 poenis
1134 2537 1290 2613 corporis,
1380 2533 1383 2540 ’

73 2637 118 2694 sed
139 2639 176 2698 ad
198 2638 358 2714 publicam
389 2635 602 2714 palinodiam,
633 2651 695 2710 qua
723 2640 881 2696 testentur
910 2651 945 2696 se
975 2635 1119 2701 abiicere
1142 2655 1291 2712 errorem,

73 2739 230 2816 adiguntur.
277 2737 312 2800 Si
338 2739 391 2816 qui
415 2755 490 2800 uero
515 2737 723 2814 pertinaciter
746 2738 919 2798 defundunt
951 2755 1030 2800 suae
1060 2748 1170 2802 sectae
1193 2741 1293 2820 impia

72 2842 201 2918 dogmate
224 2863 285 2906 nec
307 2845 422 2905 cedunt
446 2859 521 2904 veru
545 2840 751 2910 docentibus,
776 2840 810 2900 hi
835 2839 1012 2902 retinentur
1035 2843 1156 2905 diutius
1176 2845 1208 2905 in
1225 2865 1290 2907 car-

72 2960 147 3017 cere,
170 2955 201 3008 et
224 2948 385 3008 interdum
408 2945 590 3008 durioribus
614 2945 728 3020 poenis
752 2942 966 3020 castigantur,
991 2946 1035 3005 ita
1056 2954 1091 3006 ut
1106 2947 1291 3011 differantur

71 3047 166 3108 ultima
189 3049 352 3126 supplicia
377 3057 507 3125 propter
530 3064 621 3124 spem
645 3044 900 3136 emendationis,
915 3053 947 3106 et
970 3055 1120 3122 quantum
1143 3052 1215 3113 fieri
1235 3073 1290 3131 pc-

71 3157 135 3220 test,
164 3160 312 3229 parcatur
342 3153 435 3212 vitae.
488 3151 522 3210 Si
554 3166 628 3210 vero
659 3150 746 3208 nulla
779 3167 853 3226 spes
884 3156 933 3209 est
958 3153 1208 3224 emendationis,
1238 3157 1289 3216 ad·

70 3251 201 3314 ficiuntur
224 3254 407 3332 pertinaces
430 3252 553 3314 ultimis
579 3249 700 3328 poenis.
754 3251 820 3310 Non
844 3250 971 3327 ignorat
992 3261 1098 3316 autem
1121 3256 1223 3333 Regia
1245 3257 1290 3315 di-

70 3355 159 3428 gnitas
188 3366 312 3430 uestra,
343 3378 399 3436 pro
430 3375 488 3418 sua
518 3354 679 3433 sapientia
711 3363 743 3414 et
771 3355 882 3416 studio.
908 3358 1040 3432 pietatis
1072 3366 1104 3418 et
1127 3359 1291 3419 doctrinae

70 3459 263 3531 christianae,
289 3477 417 3538 semper
440 3457 585 3520 omnibus
610 3455 749 3518 saeculis
772 3455 848 3516 inde
871 3475 974 3533 usque
998 3461 1036 3519 ab
1063 3461 1156 3522 initio
1180 3462 1290 3523 mundi

69 3559 214 3626 diabolum
244 3564 430 3626 insidiatum
467 3579 541 3623 esse
571 3577 667 3620 verae
704 3561 863 3620 ecclesiae
899 3571 931 3620 et
961 3571 1088 3637 semper
1120 3568 1228 3626 conari
1257 3573 1292 3625 ut

69 3669 140 3726 omni
168 3684 287 3746 genere
317 3667 536 3728 scandalorum
567 3667 679 3724 obruat
703 3663 906 3740 evangelium
937 3673 968 3726 et
989 3669 1106 3734 multos
1129 3669 1292 3730 deterreat

70 3785 177 3832 auara
207 3775 339 3847 pietate.
389 3769 476 3840 'Quis
508 3767 593 3828 enim
624 3785 685 3828 non
715 3769 954 3844 perhorrescat,
990 3768 1103 3848 legens
1123 3771 1291 3833 'historias

70 3873 192 3936 omnnium
213 3881 393 3952 temporum
417 3880 449 3932 et
471 3871 696 3940 considerem,
734 3887 827 3946 quam
849 3873 1071 3935 abominandis
1096 3874 1290 3936 idololatriis

71 3975 220 4038 obscurata
243 3977 286 4037 sit
311 3993 388 4038 vera
411 3973 544 4051 religio,
580 3991 675 4048 uquam
698 3973 897 4050 prodigiosis
921 3975 1114 4036 haeresibus
1137 3976 1235 4038 etiam
1258 3978 1290 4036 in

71 4077 156 4148 primo
188 4083 265 4142 licre
296 4079 438 4140 ecclesia
463 4079 641 4138 dilacerata
670 4084 727 4138 est.
781 4077 930 4139 detinent
967 4085 1072 4140 tamen
1106 4079 1155 4156 pii
1184 4096 1291 4139 veram

72 4177 150 4240 fidem
179 4185 261 4242 inter
289 4191 377 4244 tanta
405 4183 563 4242 scandala.
617 4179 683 4250 Qua
711 4195 747 4239 re
778 4195 960 4256 speramus,
995 4184 1126 4260 Regiam
1155 4187 1291 4242 vestram

74 4279 241 4357 dignitatem
264 4286 316 4346 his
340 4284 610 4347 terriculamentis
634 4281 755 4344 diaboli
779 4302 839 4343 non
864 4284 1021 4344 deterreri
1045 4285 1069 4345 a‘
1085 4285 1289 4362 professione

73 4399 151 4445 verae
173 4389 351 4459 doctrinae,
375 4409 412 4450 ac
435 4387 622 4449 meminisse
641 4373 890 4463 quod'cporteat
910 4384 1059 4458 militiam
1077 4405 1174 4452 verae
1188 4391 1289 4448 eccle-

76 4487 129 4546 siae
150 4509 271 4571 semper
301 4510 374 4554 esse
403 4496 531 4571 plenam
561 4492 682 4554 laboris
713 4508 749 4552 ac
780 4490 988 4552 certaminum
1017 4493 1171 4552 adversus
1196 4491 1289 4568 spiri-

76 4592 159 4652 tuales
183 4597 358 4672 neqnitius‚
382 4605 416 4656 ut
439 4598 484 4656 ait
508 4597 631 4657 Paulus.
687 4597 794 4672 ltaque
820 4594 948 4655 etiamsi
972 4595 1139 4672 irrepserit
1162 4596 1291 4670 aliquod
