3116 5212
641 409 823 462 unocunrx.
1293 395 1365 470 ‘ibi

126 569 237 646 portus
261 574 442 632 constanter
455 567 635 636 confitendo
659 565 932 630 superioritatem
956 569 1192 632 condemnando
1217 568 1365 648 tuis'put-

127 672 295 736 uberrimis
320 673 449 752 scriptis
474 679 505 733 et
528 667 708 734 actionibus
732 671 1001 734 confirmationem
1035 681 1067 734 et
1102 673 1203 736 veluti
1225 673 1365 752 sigillum

127 776 285 853 quoddam
309 792 481 854 apponere.
506 793 597 854 quern
620 775 667 836 sic
703 775 734 836 in
759 774 1031 853 g1·atiam‚nescio
1054 776 1155 850 cuius,
1179 778 1365 848 vacillando,

126 888 162 941 et
185 880 317 942 miseros
341 879 553 942 conscientias
584 879 818 956 lcngueiaoere,
843 883 874 938 et
897 896 967 941 curn
993 879 1058 940 tuis
1081 879 1220 956 scriptis,
1245 889 1309 942 tuni
1333 887 1366 943 et

124 981 784 1062 mmmmmfflwe*
1075 969 1079 978 ’

157 1135 159 1144 .
213 1085 416 1170 Respondc¹)
440 1089 584 1148 obsecro.
629 1083 761 1162 Siquid
785 1084 869 1154 enirn
892 1101 967 1146 vere
989 1083 1150 1164 monueris
1174 1101 1226 1152 nie
1247 1086 1365 1146 rectius

126 1194 224 1254 aliter
248 1190 456 1276 etEcctesioe
479 1188 588 1252 utilius
612 1205 710 1270 algere
733 1205 844 1268 posse,
863 1191 999 1264 libentes
1021 1189 1164 1264 proiecto
1188 1191 1366 1252 nonsoiunr

125 1298 188 1358 tibi
211 1313 330 1374 surnrno
350 1293 437 1371 uiro,
460 1294 516 1354 sed
541 1292 635 1354 etiarn
659 1290 787 1364 minimo
810 1292 956 1370 puerulo,
980 1296 1015 1352 ut
1038 1290 1233 1368 Augustinus
1256 1289 1366 1368 inquit,

127 1402 260 1478 parebo.
305 1400 391 1459 Bene
415 1399 494 1458 vole.
541 1397 637 1459 botae
661 1396 892 1476 Magdeburgoe
916 1377 1027 1456 rnense
1048 1395 1138 1458 lunio
1171 1395 1222 1458 die
1245 1401 1368 1457 octavii.

128 1507 220 1566 Anno
249 1503 337 1565 1549.

129 1918 202 1993 etr.
230 1918 294 1988 -1r01
312 1931 417 2016 rerer.
464 1931 537 2008 (uon
563 1933 628 1988 vn.
651 1952 679 2005 p.
703 1928 790 2011 rur.)
1088 1917 1367 2010 renumeret)

235 2015 406 2045 ww
1082 2011 1358 2050 s--v--d
1407 2056 1411 2067 ‚

232 2177 384 2270 Georpio
412 2175 584 2246 Orucooio
611 2171 761 2261 iuniori,
789 2158 1006 2268 Professori
1037 2161 1315 2270 Witeberpensi.

199 2353 275 2406 Hanc
294 2356 448 2423 epistotam,
469 2371 547 2420 quoru
565 2353 637 2406 Cler.
656 2353 851 2406 Seidemuunus
876 2373 910 2420 ex
928 2357 1099 2426 autographo
1118 2358 1250 2422 [tobrriurii
1269 2360 1368 2424 prima-

234 2443 266 2493 rii
285 2442 386 2510 publici
406 2443 566 2493 Dresdensis
593 2440 659 2491 milii
686 2442 838 2508 descripsit,
867 2445 900 2494 ud
920 2460 1015 2494 erruurn
1039 2444 1121 2507 rore,
1150 2461 1201 2508 quo
1222 2445 1367 2498 Grecovins

231 2545 328 2582 munus
345 2529 510 2582 Professorie
530 2529 746 2595 Witebergensis
765 2531 869 2594 odibat,
888 2545 947 2582 esse
968 2531 1147 2594 referendam,
1166 2547 1199 2582 ex
1218 2533 1276 2584 eius
1295 2533 1367 2598 prin·

229 2617 302 2684 cipio
321 2617 427 2668 olrroere
446 2617 562 2668 videtur.
1285 2617 1289 2629 ¹

126 2821 267 2887 Clarius.
297 2830 371 2888 uiro
395 2823 583 2886 eruditione
613 2833 645 2883 et
671 2829 797 2886 virtute
824 2833 1018 2905 praestanti
1045 2824 1092 2887 D.
1116 2823 1260 2907 George'o
1282 2824 1365 2888 Cra-

467 2931 567 3000 covio,
589 2931 695 2988 amico
717 2946 776 2988 suo
800 2939 833 2988 ec
856 2930 1020 3008 collegae.

214 3083 243 3142 S.
267 3084 302 3144 D.
349 3083 536 3142 Doctissud.
562 3081 689 3158 Georgi.
734 3083 823 3154 Quod
847 3084 980 3143 inustum
1005 3089 1038 3144 ct
1061 3085 1161 3146 foelix
1184 3085 1238 3154 sit,
1272 3099 1364 3146 exor-

126 3184 227 3248 dieris
249 3183 507 3261 praelectionem,
533 3201 602 3246 cum
625 3187 714 3246 voles
732 3203 769 3246 ec
793 3187 934 3248 retinere
958 3189 1065 3248 boram
1089 3189 1254 3264 septimam
1279 3195 1365 3249 onte·

125 3287 328 3350 meridianem
351 3288 485 3362 poteris,
509 3288 548 3348 de
571 3305 632 3365 quo
655 3289 767 3351 Paulus
789 3290 848 3350 tibi
871 3291 963 3351 cedit.
982 3293 1083 3367 teges
1107 3298 1211 3352 autern
1233 3287 1365 3350 alternis

125 3398 179 3456 out
201 3391 333 3464 Liviurn,
356 3393 687 3470 ac·bietrunorphoses
710 3401 763 3455 cut
786 3394 815 3454 si
838 3395 917 3454 libet
941 3411 997 3470 pro
1022 3393 1124 3465 Livio,
1148 3399 1277 3470 repetes
1301 3393 1366 3469 pri·

128 3512 211 3559 nrum
233 3497 348 3558 iibrurn
371 3495 556 3560 officiorum
578 3495 750 3558 Ciceronis.
794 3497 871 3558 Noni
895 3499 993 3558 ceteri
1015 3498 1077 3559 duo
1102 3495 1174 3559 libri
1197 3515 1257 3558 non
1275 3511 1365 3574 proe-

126 3602 203 3662 bent
224 3599 354 3660 lectioni
384 3593 534 3683 ἀφορμὰς
568 3601 690 3678 aliquid
713 3601 857 3660 addendi
904 3601 1023 3661 Prirnus
1048 3601 1127 3662 liber
1162 3602 1194 3660 in
1218 3601 1365 3660 virtutum

126 3691 398 3780 descriptionibus
429 3711 459 3765 et
482 3704 758 3766 distributionibus
788 3707 902 3766 inultas
924 3706 1014 3768 offen
1037 3703 1185 3766 meterius
1218 3719 1298 3780 quae
1326 3703 1364 3762 il·-

127 3805 308 3870 lustrandac
331 3809 461 3867 suntab
486 3807 672 3883 interprete,
706 3820 744 3868 oc
765 3824 847 3868 nunc
869 3807 996 3884 quiden]
1020 3815 1052 3868 te
1076 3823 1201 3882 quoque
1224 3802 1362 3884 philoso-

127 3906 327 3982 phorivelirn
351 3909 523 3994 στέργοντα
546 3909 598 3986 τῆν
619 3909 787 3996 παροῦσαν
802 3908 905 3995 τύχην,
928 3910 1244 3972 cenobiscumdcurn
1261 3925 1362 3980 orere,

127 4018 161 4072 ut
184 4011 341 4087 gubernet
363 4017 503 4074 nostruin
527 4023 663 4087 coetum,
687 4023 719 4076 et
742 4032 803 4077 oon
828 4013 919 4077 sinor·
934 4014 965 4076 in
991 4015 1042 4076 bis
1066 4013 1245 4094 regionibus
1269 4011 1364 4072 dissi·

127 4181 334 4192 ———-·---.

246 4281 274 4348 1)
317 4283 405 4360 diucio
436 4284 542 4354 illyrico
573 4284 934 4352 respondit'Melunclrtbon
964 4289 990 4340 d.
1016 4292 1048 4344 -1.
1080 4288 1138 4340 uer.
1168 4289 1242 4342 1549.
1288 4286 1362 4354 (vido

128 4369 209 4438 Gorp.
228 4367 288 4419 uer.
308 4369 365 4439 Vil.
384 4387 410 4437 p.
423 4370 594 4437 oti-482),
612 4378 709 4439 postea
735 4371 780 4422 ilic
800 4375 887 4424 ricnuo
914 4375 948 4424 ud
966 4367 1028 4436 Mei.
1050 4375 1169 4448 scripsit.
1209 4375 1262 4426 Hoc
1282 4374 1364 4448 i'locii

126 4471 288 4524 responsum
307 4453 449 4508 exhibetur
467 4459 494 4508 in
514 4457 583 4508 libro
602 4474 685 4526 supro
704 4459 840 4512 indicato:
876 4442 990 4526 ‚iimina
1008 4461 1091 4513 latinu
1112 4463 1213 4528 scriptu
1233 4452 1362 4534 Mottbi‘ue

126 4544 211 4595 ernon
229 4538 349 4608 lssyrici“
365 4551 418 4595 ete.
442 4536 490 4596 ru.
503 4542 650 4604 ou-ou
677 4545 715 4596 se
739 4531 917 4613 reserpendi
947 4548 1115 4615 „Responsio
1133 4543 1169 4598 rr.
1190 4549 1216 4599 n.
1234 4543 1309 4612 nup.
1329 4545 1363 4596 au

125 4629 219 4700 Epist.=
235 4629 304 4682 Pbii.
324 4630 383 4685 Mei.
414 4632 709 4697 utrumque-scripturn
727 4633 847 4686 dedituri
865 4640 905 4684 esi
936 4629 1370 4692 menseoecobri³ui20154u⁸⁴

126 4717 239 4802 pmii&
258 4717 316 4800 eius
334 4715 446 4798 otnero
464 4717 650 4795 prolixitaterp
669 4718 696 4772 h.
710 4717 728 4772 t.
750 4719 880 4772 omissum
898 4724 949 4772 est.
