3084 5208
240 309 305 382 tet
633 325 987 378 suentanaurnnum
1010 329 1082 380 rasa.

238 485 396 554 ascerus,
421 481 461 544 et‘
476 483 595 560 oppido
612 484 790 546 Teutonum
803 479 824 556 ¹)
849 481 933 556 quod
958 498 975 541 e
999 482 1135 560 regione
1155 484 1314 549 Coloniae
1326 484 1465 562 Agrippi-

239 604 300 648 nae
325 589 356 650 in
385 588 455 662 ripa
477 585 787 662 germanica-situm
808 592 873 654 est,
910 592 1039 660 praeest
1069 587 1275 648 concionator
1304 587 1413 648 doctus
1437 597 1467 648 at

239 692 321 767 pius.
365 690 453 751 Bene
475 695 508 748 et
530 688 690 748 toeliciter
713 689 795 748 vale.
841 689 883 748 25
908 693 1041 764 August.

960 791 1130 868 philippus
1154 789 1367 855 Melanthon.=

755 911 960 927 δο--ιοὺκ-ιο--ι-ο-

239 1000 310 1058 2rt.
345 999 524 1097 aarum.
568 996 696 1076 (vora
720 992 852 1079 praa.)
1232 1021 1246 1046 2
1332 1001 1380 1094 an.
1400 1005 1469 1078 mg.

357 1083 506 1108 Μ

477 1175 591 1244 Mart.
617 1174 788 1244 Baccarus
817 1171 867 1242 ud
894 1127 1235 1252 Metat'zctrtnncm.

325 1303 417 1388 (Cum
437 1305 653 1366 additamento
677 1321 696 1364 a
718 1303 963 1365 Melanchthone
987 1307 1015 1366 d.
1039 1308 1085 1366 tc.
1107 1308 1193 1384 Sept
1218 1301 1404 1390 adscripto.)

308 1443 393 1495 Huius
412 1440 546 1511 epistolae
565 1441 592 1492 in
612 1439 743 1495 Biblioth.
759 1437 848 1493 Cerci.
860 1439 947 1510 Epist.
960 1441 989 1492 T.
1003 1434 1045 1496 4'5.
1067 1459 1095 1511 p.
1112 1445 1169 1497 115.
1192 1445 1373 1512 apographon
1388 1461 1468 1497 asser·

341 1537 434 1595 vatur,
454 1529 526 1594 quod
545 1527 612 1578 mihi
632 1543 666 1577 ex
684 1521 793 1578 Simlari
813 1524 978 1580 collectione
995 1527 1209 1582 *describendum
1224 1529 1296 1587 ctat.
1312 1531 1359 1582 Vir
1371 1531 1469 1596 Vocge-

340 1618 412 1668 tinus
430 1615 576 1680 Tiguriaua
595 1614 714 1679 henigne
732 1615 848 1667 curarit.

322 1739 352 1799 S.
375 1740 411 1800 D.
446 1737 535 1805 Quae
565 1753 634 1795 cnm
663 1735 894 1795 mercatoribus
925 1738 1067 1812 agimus,
1097 1737 1178 1797 mihi
1209 1756 1269 1797 nou
1294 1739 1400 1798 soient
1422 1753 1468 1798 ce-

238 1845 316 1903 dere
339 1841 486 1902 feliciter.
531 1839 676 1908 Literae,
709 1853 788 1912 quas
813 1837 936 1913 pridem
958 1837 1079 1911 uentris
1104 1839 1321 1910 credideram,
1356 1840 1468 1900 utinam

240 1964 308 2007 cum
330 1946 382 2004 his
404 1943 530 2003 tandem
554 1941 704 2017 accipias.
750 1941 988 2002 Dominus‘iros
1013 1941 1092 2003 satis
1117 1942 1232 2003 severe
1255 1941 1310 2004 hic
1331 1939 1469 2003 visitavit

240 2057 270 2109 et
293 2049 396 2110 adhuc
417 2047 475 2107 suh
499 2045 563 2104 acri
588 2043 801 2120 castigatione
826 2051 921 2104 tenet.
967 2035 1150 2122 Moguntiae
1173 2045 1400 2122 Imperatorem
1421 2043 1467 2104 ad·

530 2175 532 2180 .
820 2155 838 2182 ΙΙ

239 2201 376 2266 versarii
400 2202 610 2272 Colonienses
633 2204 742 2258 contra
766 2195 888 2271 R...')
919 2205 950 2261 et
979 2217 1037 2260 uos
1067 2216 1177 2274 omues
1208 2199 1468 2278 grauissimam·

239 2307 397 2366 flammare
427 2302 623 2364 studuerunt.
683 2284 800 2368 'tamen
833 2316 902 2362 cum
938 2301 1065 2376 primas,
1090 2305 1161 2367 Dua
1192 2302 1358 2367 exercitus
1395 2303 1468 2372 cius,

159 2443 162 2448 Δ
237 2408 374 2468 Vicercx
404 2404 554 2472 Siciliae,
592 2403 752 2480 Coutgaza
782 2401 966 2474 adveniret,
997 2403 1144 2488 (advenit
1168 2412 1277 2476 autem
1310 2405 1468 2466 Dominica
1531 2405 1532 2408 ’

238 2518 312 2588 post
333 2507 496 2572 Laurentii
521 2523 591 2566 cum
613 2504 737 2580 aliquot
755 2488 902 2573 millibus
920 2507 1069 2584 italorum
1084 2517 1115 2579 ot
1130 2506 1376 2592 hispanorum);
1400 2505 1468 2566 item

238 2631 308 2674 cnm
332 2614 457 2674 ueniret
484 2607 668 2684 designator
700 2607 912 2682 hospitiorum
940 2612 1163 2686 Imperatoria,
1199 2611 1410 2686 promiserunt
1437 2609 1464 2668 hi

237 2733 381 2794 maguam
407 2711 609 2789 imperatoris
633 2710 663 2770 in
689 2717 829 2782 nostrum
851 2694 1116 2791 benevolentiam.
1147 2712 1290 2790 ipseque
1314 2715 1468 2790 Contzaga

240 2819 378 2888 monuit,
403 2824 437 2876 ut
459 2810 553 2894 uos’)
578 2813 819 2887 concionatores
839 2830 899 2872 non
922 2789 1188 2892 committeremus
1209 2834 1268 2896 pos
1289 2817 1417 2884 turbae,
1439 2829 1468 2874 se

237 2909 358 2984 habere
382 2918 517 2980 mititem
540 2916 731 2983 teroculum,
759 2930 817 2994 nec
843 2932 941 2993 posse
964 2918 1037 2980 eius
1059 2918 1237 2987 audaciam,
1244 2933 1379 2996 semper
1402 2935 1467 2978 coo-

237 3026 349 3084 tiuere.
403 3019 615 3082 Nihilominus
647 3018 802 3086 instabat,
832 3024 866 3081 ut
898 3017 992 3081 militi
1022 3039 1085 3098 suo,
1111 3021 1276 3102 oppidum¹
1297 3022 1468 3098 patefieret.
1529 3037 1530 3064 ὲ

236 3130 262 3189 Α
288 3143 350 3200 qua
380 3123 536 3201 petitione
566 3135 663 3199 aegre
692 3119 861 3185 admodum
884 3121 999 3194 abduci
1030 3140 1065 3185 se
1082 3183 1085 3190 ,
1094 3141 1209 3200 passus
1229 3130 1318 3204 esp„
1336 3123 1467 3194 admisso

236 3228 399 3304 hospitio,
437 3225 521 3300 quod
551 3225 583 3284 ei
615 3223 716 3284 nostri
747 3223 920 3284 offerebant
956 3223 988 3288 in
1026 3225 1466 3302 Coenohio,Dietinhircheu

238 3333 378 3406 Cumque
401 3329 506 3402 locum
529 3326 642 3399 castris
666 3326 865 3387 commodum
888 3329 977 3392 ultra,
995 3329 1105 3391 vineas
1130 3330 1281 3406 haberet,
1312 3327 1466 3393 tamenin
1528 3351 1529 3394 ,

238 3433 322 3512 ipsis
347 3432 458 3510 vincis¹
474 3429 624 3506 proxime
644 3431 753 3498 urbem
784 3436 887 3492 castra
916 3437 1055 3493 metatus
1087 3438 1154 3511 est,
1184 3432 1228 3492 iu,
1247 3431 1363 3509 quihus
1392 3436 1467 3492 totus

238 3536 399 3596 exercitus
422 3529 587 3599 convenit,
612 3529 803 3604 deseditque
825 3547 928 3606 usque
951 3534 990 3592 ad
1016 3533 1077 3592 XX.
1102 3534 1197 3592 huius
1221 3531 1350 3592 mensis.
1407 3531 1466 3602 Quo

236 3638 290 3696 die
314 3639 487 3713 imperator
515 3649 587 3693 cum
617 3632 703 3692 omni
733 3634 877 3701 exercitu
902 3651 1013 3696 versus
1035 3638 1154 3697 Ducem
1174 3635 1287 3710 amovit.
1340 3635 1404 3696 Sed
1432 3649 1466 3692 co
1527 3695 1528 3708 χ

236 3739 289 3799 dic
313 3737 566 3814 usqucssorhem
589 3741 708 3796 tautum
730 3737 770 3794 ad
797 3743 936 3796 nostrum
960 3737 1052 3797 ittam
1073 3751 1181 3798 verum
1202 3739 1379 3798 israelitem
1402 3743 1465 3812 pro-

236 3842 344 3903 movit.
389 3840 537 3902 italorum
561 3846 592 3897 et
616 3837 828 3913 Hispanorum
848 3855 866 3896 a
884 3837 999 3914 peritis
1023 3828 1282 3900 aestimatoiihus
1307 3832 1466 3921 creduntur

236 3958 310 4003 esse
333 3948 405 4001 octo
430 3939 545 4010 millia,
570 3941 796 4000 Germanorum
819 3940 962 4016 peditum
986 3936 1039 4001 Xll
1063 3941 1175 4004 millia.
1209 3921 1342 4016 Equites
1361 3935 1466 4007 Gracci

235 4048 359 4106 celeres
395 4047 482 4104 troo.
535 4042 684 4104 Germani
713 4045 856 4104 totidem.
910 4044 942 4106 tu
973 4046 1096 4123 familia
1118 4020 1339 4124 ,imperatoris
1372 4057 1464 4123 prope

234 4149 370 4209 trecenti
395 4149 595 4224 cataphracti
619 4148 746 4211 tuarum
775 4149 1154 4223 pretiosissimetornati.
1201 4127 1466 4226 lpsesmpcrnn·
1525 4199 1526 4228 ᾖ

193 4242 198 4254 “
235 4259 362 4324 praeter
384 4267 502 4312 morem
524 4268 613 4328 suum
638 4253 801 4326 praeclaro
826 4259 937 4312 ornatu
953 4252 1080 4366 ¹prodiit
1106 4251 1345 4329 Cataphtautis,
1358 4264 1363 4279 ·
1377 4246 1465 4311 armis

237 4363 441 4378 num-A-

324 4417 350 4481 l)
377 4424 404 4468 ct
423 4417 525 4484 oppido
544 4417 707 4484 Teutonum]
728 4417 857 4484 Spiehcrr
877 4421 904 4470 in
924 4420 1027 4489 oppido
1046 4420 1203 4484 Tentorhm,
1237 4419 1241 4463 ἱ

247 4538 249 4549 .
318 4503 348 4570 2)
364 4503 631 4556 recoraodiaetmnm
649 4506 705 4561 i.e.
725 4505 1116 4575 upacopumuuotmtmaem..
1171 4528 1174 4537 ·
1228 4530 1231 4543 ·
1295 4522 1316 4541 ··

320 4589 350 4656 3)
375 4587 438 4654 noa]
457 4590 498 4641 sio
517 4593 696 4658 apographon
716 4607 780 4658 pro:
800 4595 930 4646 nostroe?
