3120 5206
216 309 259 380 dt
610 323 855 376 surrnuurrnra
879 323 961 374 auur
982 325 1057 378 raso.

217 481 288 542 dam
310 478 476 556 principes
497 479 657 547 fecerunt,
684 496 721 538 ac
744 479 890 540 mandata
912 477 1057 540 dedimus
1081 496 1119 554 ea
1142 481 1184 539 de
1206 497 1241 539 re
1263 479 1398 548 nostris,
1420 485 1452 538 ut

218 582 251 645 in
274 582 402 642 aula-C.
417 581 454 640 M.
474 587 623 656 quantum
646 580 811 656 commode
832 580 904 640 fieri
926 587 1056 656 posset,
1081 582 1329 651 sciscitarentur,
1354 587 1452 640 atrurn

3 731 11 750 ,
109 702 111 706 ·
218 682 372 746 adventus
409 687 518 742 noster
555 683 586 742 G.
618 683 655 742 Μ.
687 682 809 742 futurus
845 682 1007 742 videretur
1035 701 1097 744 non
1137 685 1287 761 ingratus.
1341 683 1453 744 Merum

219 783 453 854 intelleximus,
477 787 516 845 ob
540 786 621 846 hanc
645 801 771 846 causam
795 803 857 844 non
882 784 986 845 videri
1009 787 1201 856 consultum,
1230 793 1265 846 ut
1288 785 1344 846 illo
1371 785 1453 844 venl-

218 866 339 956 remus,
369 886 453 960 quod
483 887 537 946 hio
566 903 756 964 congressus
787 886 966 948 offensurus
995 894 1082 948 esset
1112 888 1199 949 altos
1226 889 1390 966 principes
1419 903 1455 948 ac

220 990 373 1065 populos,
398 995 430 1048 et
453 989 669 1064 suspicionem
695 989 870 1066 parituros,
896 995 927 1048 et
952 1000 1069 1051 moram
1093 993 1248 1066 quendam
1272 993 1303 1051 C.
1322 993 1360 1052 Μ.
1385 1007 1455 1068 pro·

219 1092 346 1168 paranti
369 1091 410 1152 ad
433 1098 622 1152 conventum
638 1086 815 1162 indictum,
839 1094 1000 1153 allaturus.

305 1193 429 1254 Deinde
453 1195 484 1252 C.
499 1193 536 1254 M.
562 1193 758 1270 significavit
780 1195 874 1256 nobis
897 1196 1037 1256 secundo
1061 1211 1119 1273 per
1142 1198 1295 1272 quosdam
1318 1197 1354 1256 Μ.
1380 1213 1457 1258 suae

222 1293 443 1363 consiliarios,
474 1295 559 1370 quod
581 1294 619 1354 M.
652 1313 710 1356 sua
741 1301 846 1372 petat,
876 1305 912 1356 ut
942 1315 1004 1356 non
1033 1297 1188 1374 gravatim
1219 1299 1272 1358 hic
1294 1299 1459 1374 Augustae

221 1398 259 1456 M.
284 1413 372 1458 suam
403 1402 663 1472 expectaremus,
695 1398 770 1471 quia
805 1400 863 1458 Ma.
894 1415 951 1459 sua
979 1399 1177 1461 decrevisset
1206 1401 1268 1460 iter
1288 1406 1458 1464 maturare,

223 1507 253 1560 et
276 1499 366 1560 brevi
395 1501 456 1560 huc
484 1498 605 1559 venire.
661 1499 740 1559 Huic
771 1499 930 1577 petitioni
961 1499 1148 1562 obedienter
1177 1503 1330 1564 hactenus
1354 1505 1459 1580 parui-

221 1620 306 1670 mus,
336 1608 403 1661 toto
433 1601 495 1662 iam
516 1617 626 1662 mense
648 1601 702 1662 hic
724 1602 931 1673 desidentes,
962 1609 1132 1680 postquem
1161 1605 1308 1664 venimus
1336 1607 1400 1666 huc
1422 1607 1461 1666 ad

223 1704 452 1765 ostendendam
474 1703 569 1764 fidem
597 1709 694 1778 atque
717 1703 934 1765 obedientiam
958 1713 1098 1767 nostram
1110 1704 1133 1780 ¹)
1165 1721 1240 1783 erga
1262 1707 1293 1766 G.
1317 1706 1355 1766 M.
1386 1723 1460 1768 evo-

225 1805 288 1868 cati
312 1804 395 1866 binis
418 1803 523 1866 literis
547 1804 782 1882 Imperatoris,
807 1813 839 1864 et
864 1821 982 1866 severe
1003 1807 1143 1885 scriptis.

306 1907 394 1966 Nunc
415 1923 522 1966 rursus
546 1905 728 1982 significata
751 1906 843 1968 nobis
867 1907 990 1984 optima
1012 1911 1176 1970 voluntate
1199 1910 1406 1986 cupiebamus
1422 1912 1463 1972 ad
1556 1944 1557 1981 ι

225 2010 261 2070 Μ.
295 2026 381 2068 suam
413 2009 519 2068 statim
548 2007 711 2085 proficisci
742 2009 880 2086 cognitis
911 2010 977 2072 illis
1008 2012 1181 2081 mandatis,
1217 2027 1299 2086 quae
1328 2020 1400 2072 sum
1430 2014 1462 2072 in

226 2109 434 2171 instructione
457 2109 653 2186 perscripta,
686 2118 720 2170 nt
742 2113 827 2187 apud
850 2090 887 2172 ὃ.
905 2115 943 2173 Μ.
968 2133 1159 2176 noscerem
1184 2129 1406 2192 pergeremus,
1432 2121 1465 2174 et
1556 2149 1557 2166 ι

226 2214 256 2273 C.
279 2212 316 2274 Μ.
341 2212 573 2274 declararemus
606 2220 792 2290 perpetuam
823 2215 918 2274 fidem
944 2223 1044 2292 atque
1074 2216 1293 2278 obedientiam
1323 2223 1464 2278 nostram

226 2332 302 2392 erga
325 2315 362 2374 Μ.
386 2315 415 2376 S.
449 2321 481 2374 et
508 2315 646 2376 animum
679 2316 811 2393 dignum
842 2318 1018 2380 christiano
1050 2326 1082 2379 et
1111 2319 1270 2381 catholico
1304 2318 1462 2396 principe.

226 2417 288 2477 Sed
318 2433 359 2478 ex
390 2417 600 2479 instructione
629 2417 892 2496 intelligimuse.
919 2420 956 2480 M.
989 2424 1182 2482 voluntatem
1211 2437 1302 2491 esse,
1338 2428 1373 2481 ut
1405 2441 1464 2482 vos

226 2518 307 2588 duo..
338 2518 467 2580 Domini
492 2526 523 2579 et
547 2518 704 2589 Comites,
735 2520 824 2597 prius
848 2521 956 2581 statim
983 2520 1175 2599 significetis
1198 2522 1236 2582 M.
1261 2538 1354 2592 suae,
1385 2522 1464 2598 quid
1556 2589 1557 2594 .

227 2621 396 2682 adomnia
428 2627 460 2682 et
489 2621 617 2698 singula
647 2623 738 2682 nobis
767 2624 936 2699 proposita
964 2625 1232 2700 responderimus.
1278 2626 1397 2697 Quaere,
1428 2633 1464 2685 ut

226 2724 286 2784 hac
310 2723 342 2783 in
366 2739 401 2781 re
425 2740 552 2798 quoque
576 2724 606 2782 G.
631 2723 668 2782 M.
695 2731 725 2782 et
749 2723 906 2783 voluntati
937 2719 1159 2787 Instructionis
1189 2745 1269 2786 mos
1287 2733 1465 2802 gereretur,

228 2825 376 2886 duximus
388 2828 475 2886 Caes.
489 2825 528 2886 Μ.
554 2824 681 2886 donrino
704 2833 812 2886 nostro
836 2825 1030 2888 clementiss.
1055 2835 1087 2888 et
1109 2829 1203 2890 vobis
1227 2831 1299 2890 loco
1312 2827 1349 2888 M.
1375 2845 1466 2898 suae,
1556 2903 1557 2906 Ἴ

229 2945 298 2989 cum
321 2927 430 2989 debita
452 2926 634 2988 reverentia
658 2934 688 2987 et
712 2928 899 2989 obedientia
922 2931 1003 2990 llaec
1026 2947 1206 3008 exponere..

312 3029 447 3092 Primum
477 3031 517 3089 de
549 3047 605 3101 eo,
637 3029 719 3104 quod
749 3031 893 3092 videmur
921 3051 983 3093 non
1015 3033 1094 3094 satis
1118 3051 1221 3109 aequo
1245 3033 1351 3094 animo
1375 3050 1468 3094 acce-

231 3135 319 3212 pisse
356 3149 544 3210 responsum
573 3134 603 3192 C.
635 3133 673 3192 Μ.
703 3132 795 3194 scitis
824 3151 899 3205 vos,
937 3137 1051 3198 Cernes
1086 3137 1125 3196 de
1156 3137 1329 3205 Neweuar‚
1369 3137 1467 3211 quod,

230 3245 396 3314 postquam
420 3255 438 3297 a
461 3235 566 3299 reditu
589 3242 697 3296 vestro
721 3255 739 3296 a
761 3237 793 3296 G.
817 3236 856 3295 Μ.
886 3255 1041 3298 unacum
1076 3237 1263 3300 consiliario
1287 3243 1395 3300 nostro
1418 3239 1468 3298 lo-

230 3343 333 3404 haune
357 3338 503 3408 Doltzik,
526 3337 620 3400 nobis
644 3336 861 3414 exposuistis,
885 3338 1017 3413 etquid
1042 3339 1177 3416 egeritis
1200 3340 1283 3416 opud
1299 3341 1338 3400 e.
1359 3340 1409 3410 Μ.,
1434 3347 1469 3400 et

232 3442 308 3516 quid
332 3443 362 3500 C.
386 3441 423 3500 M.
450 3439 669 3517 responderit,
693 3457 751 3500 nos
775 3447 961 3500 reverenter
984 3447 1080 3514 atque
1103 3442 1294 3502 obedienter
1317 3443 1407 3502 Caes.
1428 3442 1469 3501 Μ.
1556 3483 1557 3492 .

153 3555 155 3560 '
231 3545 349 3623 gratias
375 3543 498 3620 egisse,
529 3550 702 3620 propterea
726 3542 810 3617 quod
832 3541 988 3618 singulari
1011 3543 1182 3604 clementia
1204 3552 1312 3606 nostra
1334 3545 1469 3621 negotia

231 3647 372 3717 audivit,
403 3653 436 3706 et
464 3643 630 3722 respondit
658 3645 698 3703 de
728 3643 902 3706 collatione
930 3645 1035 3716 feudi,
1066 3654 1097 3705 et
1129 3645 1293 3722 negotium
1323 3647 1470 3707 Ducatus

232 3749 401 3812 Saxoniae.
434 3749 472 3808 Et
496 3764 674 3823 quanquam
703 3753 776 3807 tunc
800 3745 1115 3808 commemoravimus
1137 3765 1260 3817 censes,
1282 3763 1379 3822 quare
1395 3764 1470 3824 spe-

233 3851 409 3916 raverimus
432 3851 586 3918 futurum,
610 3855 644 3908 ut
658 3849 707 3907 de
731 3848 806 3910 aliis
829 3848 973 3910 articulis
998 3849 1094 3910 etiarn
1118 3849 1292 3911 clementer
1313 3856 1346 3909 et
1369 3851 1468 3926 plane

159 3953 164 3962 '
233 3953 511 4032 responderetur,
532 3951 795 4027 quemadmodum
823 3970 882 4012 vos
914 3953 1050 4014 tortasse
1081 3951 1196 4012 Cmrriti
1230 3952 1389 4014 Mirilelmo
1426 3952 1469 4011 de

233 4059 355 4121 Nassau
377 4057 418 4116 ud
439 4056 570 4116 lnsbruk
593 4053 787 4131 scripsistis,
810 4061 916 4116 Mmen
938 4057 1000 4116 troc
1021 4057 1179 4116 affirmare
1196 4071 1273 4116 uere
1287 4071 1469 4132 possumus,

235 4176 306 4222 eam
323 4149 657 4219 'commemorationem
682 4173 801 4217 summa
832 4175 902 4217 cum
933 4155 1113 4217 reverentia
1137 4173 1212 4232 erga
1236 4157 1266 4216 C.
1291 4153 1329 4214 Μ.
1353 4155 1470 4217 factam

236 4277 325 4342 esse,
355 4266 390 4320 ut
419 4257 560 4336 intelligi
589 4258 695 4336 pessit
712 4257 907 4338 magnitudo
938 4257 1144 4320 necessitatis
1173 4265 1316 4327 nostrae,
1349 4265 1393 4317 et·
1410 4277 1470 4319 nos

237 4363 405 4440 plurimum
432 4377 558 4447 semper
587 4360 659 4437 spei
689 4369 785 4438 atque
814 4360 972 4439 praesidii
1006 4362 1165 4420 collocare
1194 4360 1227 4420 in
1257 4361 1402 4420 bonitate
1433 4378 1470 4420 ac

234 4464 440 4479 ,μη-ι--ι--ι

323 4497 352 4564 l)
379 4495 414 4546 ad
433 4465 629 4548 ostendendam
646 4524 680 4535 -
698 4496 832 4564 nostram]
853 4495 1011 4561 sictllrutr.;
1030 4496 1057 4545 in
1075 4501 1181 4560 autogr.
1196 4495 1311 4559 legitur:
1331 4494 1367 4546 ad
1379 4501 1470 4552 osten-

237 4585 354 4636 dendum
375 4589 402 4632 et
420 4582 500 4632 lldem
520 4588 600 4646 atque
620 4583 805 4637 obedientium
822 4585 918 4649 (quus
937 4584 997 4638 uus
1016 4583 1112 4643 lituae
1130 4583 1232 4635 deleta
1251 4583 1318 4641 est)
1337 4587 1467 4634 nostram.
