3072 5208
186 317 254 396 m
581 343 825 398 surrentinum
847 345 928 397 aum
950 349 1025 403 rma.

188 493 317 560 tentiam
341 500 536 576 improbare,
559 500 623 560 nisi
647 494 856 563 solidioribus
881 505 1093 582 argumentis,
1123 515 1219 585 atque
1242 509 1308 586 ipsi
1334 515 1433 570 utun-

186 609 252 672 tur,
286 603 531 674 convincamur,
555 603 734 681 possimus:
766 607 1028 681 quemadmodum
1059 618 1187 672 econtra
1218 628 1286 672 eam
1316 613 1434 672 mode·

108 765 113 772 ,
187 705 358 775 rationem,
389 721 471 779 quae
500 705 640 768 omnium
670 707 880 770 ecclesiarum
911 710 1121 772 turbationem
1144 729 1252 776 secum
1278 713 1377 774 vehit
1403 719 1436 773 et

187 823 255 866 eum
283 813 331 867 tot
360 823 397 866 ac
424 806 522 868 tantis
552 808 755 869 offendiculis
780 811 947 872 coniuncte
972 821 1037 883 est,
1067 822 1176 891 'aeque
1199 818 1340 890 probare
1365 833 1435 876 nen

185 925 363 986 possumus.
408 910 510 971 Maior
532 915 597 980 est,
622 911 676 987 qui
701 913 732 972 in
756 913 850 975 nobis
875 921 941 984 est,
971 931 1064 990 quarn
1088 915 1143 992 qrri
1166 915 1199 977 irr
1222 917 1342 979 mando
1371 925 1436 989 est,
1529 907 1530 930 ³

187 1011 344 1074 Christum
368 1019 399 1073 el
422 1014 510 1074 illius
534 1013 708 1075 doctrinam
733 1016 908 1078 damnante.
960 1018 998 1078 llt
1026 1025 1221 1096 potensest
1245 1021 1327 1081 deus
1357 1039 1436 1082 oon·

186 1131 315 1176 servare
339 1133 427 1178 suam
450 1117 637 1187 aeclesiam,
668 1126 700 1177 et
725 1120 870 1180 Abrahae
895 1122 982 1182 lilios
1006 1138 1046 1183 ex
1069 1122 1231 1200 lapidibus
1255 1125 1437 1194 suscitare,
1530 1147 1531 1210 ᾗ

186 1217 315 1280 etiamsi
337 1225 421 1280 lotus
444 1219 578 1280 mundus
601 1221 706 1280 furere
729 1237 766 1281 ac
789 1221 932 1283 insanire
957 1232 1065 1286 contre
1085 1243 1143 1286 uos
1167 1234 1288 1304 pergat.
1335 1229 1437 1289 l’rae-

185 1327 274 1382 terea
303 1319 520 1382 moderatione
551 1320 734 1382 huiusmodi
764 1322 796 1383 id
827 1333 992 1402 praestare
1021 1328 1122 1398 velle,
1159 1328 1243 1404 quod
1271 1329 1332 1390 uni
1368 1329 1438 1390 sibi

186 1421 364 1484 reservavit
386 1423 482 1495 deus,
505 1441 566 1484 non
591 1423 706 1494 video,
730 1427 889 1500 quomodo
913 1429 1046 1492 divinae
1069 1429 1204 1491 bonitati
1226 1431 1278 1490 vel
1300 1439 1439 1508 gratum
1531 1443 1532 1496 ξ

186 1525 260 1587 esse
283 1529 333 1586 vel
356 1529 484 1604 placere
508 1525 619 1601 possit.
654 1528 930 1603 tranquillitatem
953 1530 1047 1593 vobis
1071 1551 1108 1593 ac
1130 1540 1291 1595 externam
1313 1551 1437 1611 pacem

187 1630 277 1690 vohis
300 1632 360 1691 hac
382 1632 506 1692 ratione
530 1629 746 1708 pollicemini,
771 1633 828 1692 sed
855 1631 980 1703 videte,
1003 1646 1042 1695 ue
1063 1636 1267 1712 permittente
1281 1636 1438 1708 domino,

186 1733 276 1794 cuius
301 1751 361 1795 vox
386 1742 450 1795 est:
482 1730 523 1795 In
546 1735 666 1795 uuordo
692 1753 888 1816 messuram
914 1734 1098 1810 habebitis,
1131 1743 1166 1800 in
1186 1755 1237 1799 mc
1258 1759 1343 1801 aero
1364 1759 1438 1821 pa·
1532 1771 1533 1804 1

185 1851 270 1905 com,
293 1838 477 1912 praesentia
499 1839 581 1900 nata
605 1837 848 1913 corrdnplicetis.
908 1839 995 1900 llaec
1018 1843 1141 1912 omnia,
1164 1843 1207 1903 mi
1230 1842 1438 1903 suavissime

185 1931 352 2016 Philippa,
377 1959 434 2017 pro
457 1949 511 2002 trra
536 1941 703 2018 prudentia
724 1943 890 2018 perpende
913 1941 1091 2014 solicitius,
1116 1951 1147 2004 et
1172 1944 1266 2006 istam
1287 1946 1437 2023 petitam

186 2041 242 2100 abs
275 2049 307 2102 te
330 2043 446 2105 claram
477 2061 514 2105 ac
545 2043 717 2105 dilucidam
749 2045 790 2104 de
819 2047 913 2107 rebus
946 2045 1141 2123 adiaphoris
1175 2048 1437 2126 explicationem
1533 2061 1534 2110 t

186 2144 277 2206 rrobis
306 2153 369 2207 tarn
399 2163 533 2224 syncere
564 2154 596 2208 te
625 2145 804 2207 amantibus
835 2147 974 2225 imperti.
1026 2149 1071 2209 lla
1100 2151 1243 2227 prolecto
1274 2149 1310 2210 id
1343 2151 1437 2229 apud

185 2267 243 2310 nos
273 2251 353 2322 erit,
379 2253 463 2328 quod
495 2252 578 2329 apud
602 2257 728 2310 veteres
759 2249 820 2311 luit
851 2247 931 2325 Διὸς
952 2256 1081 2334 ψῆφος,
1111 2253 1299 2328 praesertim
1333 2255 1365 2316 si
1392 2271 1436 2316 ex

185 2353 368 2430 seripturis,
398 2354 513 2431 quibus
537 2354 642 2415 omnia
664 2361 718 2414 trra
742 2354 874 2431 egregia
897 2355 1051 2417 hactenus
1075 2354 1335 2427 commrmlvisti,
1375 2357 1432 2417 de·
1534 2427 1535 2430 Ἴ

185 2450 355 2532 promatur.
400 2460 481 2519 lllud
504 2442 688 2535 praeterea,
712 2457 797 2532 quod
820 2458 881 2517 buc
905 2459 980 2518 illuc
1004 2459 1187 2520 lslebius
1211 2458 1434 2521 iactabundus

186 2560 313 2633 scribit,
344 2561 519 2625 Saxonicos
551 2579 587 2622 ec
610 2557 761 2622 llisnicos
793 2561 963 2640 theologos
996 2564 1215 2640 hrrgustanrnn
1241 2561 1364 2626 librum
1402 2570 1435 2622 et

186 2663 383 2742 adprobasse
415 2672 448 2726 et
479 2666 660 2739 recepisse,
690 2665 795 2740 palam
827 2679 975 2744 pernego.
1028 2665 1160 2742 Alioqui
1190 2665 1434 2743 suspicionem,

187 2785 248 2843 qua
278 2767 340 2830 iam
369 2768 640 2846 Viteabergenses
669 2764 837 2837 laboretis,
881 2774 912 2826 et
942 2769 1013 2843 ipse
1042 2769 1178 2829 tacendo
1209 2769 1434 2838 confirmabis,

187 2877 219 2930 et
241 2872 374 2932 eandem
397 2871 437 2931 de
460 2869 551 2932 vobis
575 2867 737 2946 cogitandi
761 2867 982 2939 occasionem,
1007 2885 1099 2945 quam
1120 2869 1317 2932 hauddubie
1333 2870 1433 2932 llam-

185 2973 397 3051 burgensibus
421 2972 556 3044 dedisti,
584 2971 675 3033 nobis
699 2987 826 3047 quoque
849 2971 1028 3049 praebebis.
1083 2969 1193 3033 lslebii
1218 2972 1300 3032 enirn
1327 2972 1429 3034 iecta-

185 3077 307 3138 bundas
331 3075 441 3138 literas
464 3078 523 3137 hac
546 3075 577 3135 iu
603 3092 636 3134 re
658 3093 719 3135 uon
744 3075 901 3135 eoulut...
919 3072 1130 3154 (confutare)
1154 3073 1229 3150 quid
1253 3073 1344 3136 aliud
1368 3083 1433 3144 est,
1482 3081 1484 3088 “

187 3187 283 3257 atque
312 3180 448 3242 tacendo
479 3180 601 3256 pondus
638 3176 753 3238 iisdem
784 3179 916 3248 addere,
955 3178 1036 3238 adeo
1054 3177 1225 3259 ruamus)
1255 3177 1433 3239 multorum

186 3285 309 3346 arri-mos
340 3286 396 3344 abs
426 3289 457 3342 te
488 3278 656 3343 alienare?
707 3283 804 3341 Certe
832 3282 931 3342 nostri
962 3279 1060 3340 animi
1092 3299 1153 3341 uon
1184 3279 1279 3341 lacile
1310 3283 1371 3342 abs
1397 3289 1432 3342 te

187 3387 425 3457 alienabuntur,
459 3385 523 3446 nisi
547 3385 618 3461 ipse
641 3384 733 3446 nohis
756 3383 802 3463 (id
826 3383 910 3459 quod
933 3390 966 3443 te
989 3399 1148 3459 nunquam
1171 3385 1327 3444 iacturum
1353 3401 1431 3462 spe-

186 3489 304 3574 ramus)
329 3490 554 3550 necessitatem
578 3489 738 3564 imponas,
761 3494 793 3546 ut
819 3487 925 3546 lacere
949 3487 1011 3546 hoc
1036 3469 1158 3564 ipsum,
1190 3487 1345 3558 velimus,
1373 3507 1431 3550 no-

188 3594 298 3665 limus,
329 3607 486 3671 aogamur.
537 3593 730 3668 Cogeremur
759 3599 881 3660 aurern,
912 3589 941 3649 si
972 3604 990 3650 a
1021 3589 1114 3651 nobis
1147 3589 1432 3652 minime-ludatis

187 3687 336 3758 iratribus
368 3711 405 3757 ac
433 3695 545 3757 amicis
577 3695 711 3754 animum
744 3699 926 3762 averteres,
966 3699 996 3752 et
1029 3694 1068 3753 ad
1098 3693 1245 3753 lslebium
1275 3706 1312 3753 ae
1345 3711 1432 3770 quos

187 3802 297 3862 nescio
321 3799 444 3862 aulicos
468 3797 638 3868 adiiceres,
662 3805 794 3858 conatus
818 3795 955 3865 illorum,
979 3797 1094 3872 quihus
1120 3810 1223 3856 veram
1247 3797 1430 3858 doctrinam
1501 3858 1507 3870 ,

188 3921 256 3965 cum
280 3903 507 3980 philosophica
532 3909 563 3961 at
587 3900 704 3978 impios
734 3901 836 3959 cultus
868 3915 938 3958 cum
963 3900 1047 3958 veris
1072 3897 1249 3988 conciliare
1271 3896 1431 3967 nituntur,

187 4005 398 4086 adprobando.
434 4007 497 4066 lam
521 4004 604 4079 quod
628 4003 667 4063 ad
690 4001 825 4064 alierum
848 3998 1034 4078 tatianam?
1058 3995 1242 4094 altercari)
1267 4014 1428 4062 rumorem

186 4109 325 4180 adtinet,
351 4122 418 4184 ¹quo
451 4125 591 4186 sparsum
622 4105 674 4166 hic
705 4113 769 4174 est,
798 4107 860 4166 hoc
887 4121 946 4163 vos
977 4104 1131 4173 donasse,
1150 4109 1265 4164 'utne
1296 4103 1375 4180 quid
1410 4121 1429 4165 e

187 4197 466 4274 concionatoribus
489 4212 520 4272 in
543 4211 658 4286 Papam
689 4225 726 4269 ac
749 4207 921 4284 episcopos
943 4211 966 4264 e·
988 4212 1143 4282 suggestu
1173 4205 1314 4267 atrocius
1339 4205 1428 4267 dica-

187 4321 254 4383 tur,
282 4295 315 4374 ct
338 4314 452 4376 calami
482 4315 577 4376 etiam
608 4328 646 4372 ea
669 4313 700 4372 in
725 4325 760 4370 re
782 4315 1015 4386 temperentur,
1047 4322 1214 4385 speramus
1234 4310 1284 4368 ab
1313 4309 1428 4369 adver-

175 4417 366 4480 sariishoc
388 4419 428 4476 de
452 4417 544 4477 vohis
568 4415 736 4475 confictum
770 4424 852 4472 esse.
907 4411 981 4471 Nam
1012 4427 1069 4472 eos
1099 4413 1337 4488 reprehendere
1361 4429 1439 4472 non*

187 4523 322 4590 debere,
351 4519 407 4594 qni
430 4521 531 4579 omnis
550 4520 655 4578 talsae
682 4515 845 4576 doctrinae
871 4521 901 4573 et
924 4513 1097 4591 impiorum
1127 4514 1266 4573 cultuum
1294 4520 1426 4574 autores

187 4623 219 4691 in
245 4623 382 4688 ccclesia
405 4623 559 4685 hactenus
585 4619 718 4688 tuerint,
748 4625 779 4678 et
803 4634 923 4680 summa
946 4617 1134 4678 cnrdelitate
1159 4616 1262 4678 omnis
1289 4616 1424 4694 generis
