3072 5208
408 329 651 386 sacramanta
670 331 753 385 aad!
776 331 920 386 incitari.

496 523 690 606 (Inscriptio
712 521 829 602 deest.)

123 687 153 746 S.
175 686 214 748 D.
259 682 373 746 Geriss.
397 679 518 758 georgi.
564 679 638 742 Scio
672 688 702 740 te
737 687 768 744 et
791 680 926 754 militiae
951 687 1075 742 nostrae
1099 681 1196 744 decus
1230 682 1275 743 in-

49 787 421 863 telligcr·e‚,et,datururn
446 799 586 860 operam,
622 791 656 850 at
679 783 830 860 Spartam,
854 798 946 858 quam
968 786 1079 846 nactus
1103 799 1148 860 es,
1164 800 1275 848 ornes.

47 892 140 959 Quare
177 870 369 965 et'geudeo
406 893 439 945 te
467 884 572 949 locum
608 883 641 949 in
663 884 838 956 Academia
858 886 1049 962 honestum„
1072 886 1106 946 in
1128 901 1189 960 qua
1223 893 1278 953 tua

49 1007 137 1064 opera
159 987 342 1065 posteritati
365 988 526 1064 profutura
551 993 748 1057 emunctam
772 1002 854 1056 esse,
879 993 911 1046 et
925 987 999 1048 noio
1021 981 1208 1066 ‚perpetuam
1230 986 1277 1048 in·

48 1100 168 1154 ternos
190 1089 367 1155 amicitiam
389 1090 550 1159 esse.,.Si
573 1090 637 1152 ruci
661 1086 785 1152 silentii
809 1107 939 1174 causam·
958 1105 1031 1150 esse
1054 1096 1158 1166 putas,
1192 1091 1275 1168 qarod

50 1197 186 1270 noluntas
202 1195 360 1261 ,alienata
380 1193 436 1266 sit,
469 1189 560 1255 nimis
584 1191 805 1272 esflsuspicax,
831 1191 924 1266 ,qdod
947 1191 977 1253 ia
1004 1184 1113 1267 primis
1137 1190 1275 1276 alienum¹

49 1315 114 1358 csse
136 1299 177 1372 ab
199 1296 329 1362 nomine
353 1293 544 1374 philosopho
566 1295 672 1364 debet.
718 1293 791 1358 Rari
815 1301 887 1356 sunt
910 1294 1080 1378 tabellarii,
1115 1299 1148 1356 et
1170 1295 1278 1372 siqui

50 1401 227 1472 offeruntur,
247 1401 354 1463 subito
378 1405 520 1478 pergpnt
555 1397 592 1460 Ει
617 1399 685 1465 scis,
704 1399 819 1460 molem
836 1397 1277 1480 nostrarumoccupationum,

50 1505 127 1564 'duae
151 1501 353 1581 quaestionis
375 1501 613 1587 aristotelicae¹
627 1499 779 1565 facillima
798 1509 857 1583 ‚est
874 1503 1059 1584 cxpiioptio,
1092 1499 1278 1581 pracsertim

49 1604 100 1666 ribi
116 1603 311 1670 exercitato
345 1606 375 1664 in
398 1603 539 1684 doctrine
560 1605 766 1682 geometrica,
799 1605 881 1666 unde
915 1605 1052 1674 extraxit
1086 1603 1278 1668 Aristoteles

51 1715 140 1766 totum
175 1708 255 1768 illud
279 1707 458 1768 aedificium
493 1708 803 1768 demonstrationum.
849 1709 921 1768 Vult
954 1715 1061 1768 autem
1092 1715 1170 1792 ente
1190 1724 1279 1784 argu-

51 1810 280 1874 mentationem
301 1810 390 1888 prins
426 1811 577 1887 quaedam
611 1811 761 1888 cognosci
798 1818 956 1889 oportere.
1001 1811 1090 1872 Prius
1118 1817 1194 1872 note
1216 1811 1280 1871 sint

52 1913 218 1990 principia,
244 1904 305 1974 iino
328 1923 360 1974 et
383 1919 522 1975 extreme
545 1913 670 1990 simpla,
694 1915 833 1990 positum
856 1914 900 1976 sit
922 1915 1028 1985 etiem,
1052 1911 1141 1974 cuius
1163 1932 1279 1991 propo-

53 2017 164 2078 sitionis
189 2017 390 2079 confirmatio
417 2017 613 2080 instituenda
635 2016 685 2076 sit.
731 2018 893 2094 Exempla,
917 2018 991 2093 quid
1015 2017 1108 2088 velit,
1129 2017 1279 2079 indicant.

53 2118 198 2196 Principio
235 2138 332 2183 nosse
364 2139 498 2182 necesse
522 2129 581 2192 est,
617 2119 667 2184 ὅτι
696 2119 763 2184 ἔστι
798 2126 831 2180 nt
853 2119 1023 2190 Quodlibet
1048 2127 1108 2193 est,
1138 2128 1192 2182 eut
1215 2122 1279 2182 Non

55 2230 102 2280 est.
148 2224 224 2286 item
250 2225 409 2300 simplicia
432 2243 568 2286 neccsse
592 2233 641 2285 est
670 2226 839 2302 cognosci,
874 2242 914 2284 ne
938 2225 1012 2301 quid
1035 2225 1191 2303 significet
1213 2226 1278 2285 Tri-

55 2341 173 2398 gonum
217 2328 302 2388 Haec
327 2327 517 2390 brevissime
552 2329 680 2401 scripsi,
716 2329 791 2402 quia
814 2335 845 2386 et
868 2329 981 2388 literae
1005 2335 1079 2389 tuae
1102 2329 1282 2392 indicabant

57 2434 82 2485 te
103 2428 211 2491 videre
247 2431 310 2492 iam
344 2431 415 2492 acie
450 2431 575 2507 ingenii
612 2434 657 2492 tui
692 2433 882 2492 sententiam
904 2431 1094 2494 Aristotelis.
1139 2435 1225 2493 Bene
1250 2441 1282 2494 ct

55 2529 206 2594 foeliciter
229 2533 310 2592 veie.
334 2531 388 2592 die
413 2530 462 2596 21.
487 2535 599 2594 octob:
666 2564 669 2573 ·
762 2534 769 2553 ”·
925 2537 929 2546 ’

733 2656 897 2732 Phiiippus
921 2657 1109 2721 Melanthcn.

58 2786 133 2850 didio
156 2791 213 2853 tibi
229 2791 392 2870 pagellas,
461 2803 463 2810 ’

62 2892 183 2953 salntem
210 2905 287 2970 opto
312 2896 380 2956 viro
405 2897 524 2972 optimo

59 2990 81 3048 d.
103 2993 292 3082 Hieronymo
315 2999 442 3100 cedere
456 2999 588 3068 Medico.
643 3079 646 3088 ,

561 3187 774 3202 w

992 3348 1041 3408 26.
1053 3353 1135 3406 Febr.
1153 3351 1233 3411 1549
1243 3348 1284 3434 (2)

1048 3435 1244 3463 Μ

375 3623 379 3630 .
554 3519 741 3609 ⁴Rident.
818 3559 821 3566 ’
944 3559 947 3568 ’

154 3668 223 3762 Vide
243 3666 433 3753 Proiegomena
453 3685 624 3743 annosae.
701 3668 703 3674 Ι
792 3653 832 3676 '⁵
941 3661 944 3670 .

63 3851 65 3856 '
99 3841 333 3942 lisposuerim
349 3846 427 3915 Ἰυἱνο
449 3851 652 3917 Eruditr‘cne
675 3866 707 3940 ct
734 3851 769 3916 V
765 3861 866 3919 inerte
887 3865 1079 3940 praestante·
1100 3855 1244 3941 Georgia

160 3979 164 3990 ·
209 3953 366 4022 ¹Crrrcow
382 3965 425 4044 'in
446 3956 639 4022 Academia
663 3952 979 4043 Grapheswaldoo'r,
1001 3970 1107 4027 amico
1193 3965 1211 3978 ''

141 4074 145 4082 ’
560 4083 618 4125 sue
642 4069 760 4126 caries.
785 4075 787 4083 ’

71 4265 75 4282 .
143 4208 181 4291 S·,
194 4213 233 4301 13:
275 4217 389 4301 Qatiss.
414 4217 540 4299 steorgi.
585 4218 653 4280 Etsi
682 4217 712 4280 in
736 4219 795 4282 tali
818 4221 1004 4284 condicione
1027 4222 1075 4284 rei
1098 4223 1183 4299 publ.
1212 4223 1285 4296 deli·

70 4302 237 4376 iterationes
260 4321 353 4380 nohis
377 4319 523 4381 omnibus
554 4322 631 4381 fiunt
655 4323 867 4394 difficiliores,
902 4329 1005 4384 tamen
1039 4325 1288 4386 consolationem

71 4405 140 4469 hanc
160 4433 178 4476 a
199 4422 260 4481 deo
282 4423 473 4498 propositam
496 4431 671 4496 teneamus,
693 4424 747 4500 qui
770 4425 885 4502 inquit:
909 4405 1191 4488 commendares
1205 4405 1289 4488 ¹triam

70 4512 153 4586 tuam,
182 4532 212 4584 ct
243 4523 324 4584 IPSE
346 4526 452 4588 faciet.
497 4526 664 4604 Postquam
699 4528 806 4604 igitur,
841 4534 876 4588 nt
898 4543 959 4606 ego
984 4527 1145 4600 existimo,
1179 4527 1290 4590 divino

73 4612 165 4691 aliquo
189 4634 270 4686 rnotn
294 4629 465 4690 decrevisti
486 4631 526 4690 de
542 4628 626 4692 vitae
640 4647 771 4708 genere,
795 4647 890 4706 spero
915 4632 1007 4692 deum
1032 4632 1091 4692 tibi
1113 4617 1309 4694 adfuturum
1396 4711 1408 4728 ,

1086 4755 1149 4816 31*
