3120 5206
213 319 257 390 42
611 333 855 386 surranunnra
878 335 959 386 auur
981 335 1056 390 1529.

214 491 319 554 animo
349 508 502 570 perquam
532 491 661 568 placido
685 509 703 550 a
726 507 777 552 me
808 497 959 568 suscepta
989 501 1053 555 est:
1087 497 1217 557 tametsi
1247 492 1350 555 minus
1380 510 1450 569 per-

214 595 362 666 suadeat,
393 605 425 656 et
454 594 680 672 intempestive
709 614 727 654 n
755 596 969 672 typographo
1007 605 1061 659 tua
1095 599 1261 677 invulgata
1291 597 1350 666 sil,
1388 615 1450 657 ma-

214 699 348 760 luissem
379 699 509 774 quidem
543 719 603 759 nou
635 698 837 774 publicatam.
898 699 1123 776 Auspicatiom
1163 702 1248 763 enim
1278 719 1315 760 ac
1347 699 1452 776 magis

214 801 401 880 plausibilia
437 801 555 863 eruditi
593 805 746 863 llacteuus
782 819 799 861 e
829 809 882 863 tua
920 803 1049 865 officina
1082 807 1266 865 retulerunt.
1298 861 1301 864 ,
1330 791 1450 862 Verun-

214 913 318 966 tamen
343 905 601 966 animadvertens
624 921 707 980 quae
732 905 830 966 hodie
854 908 964 966 secula
989 906 1068 975 sint,
1100 913 1131 968 et
1157 894 1240 982 quod
1264 914 1353 966 tuum
1378 923 1451 964 con-

214 1008 343 1079 silium,
365 1009 461 1070 facile
485 1008 738 1086 indignationem
762 1009 896 1069 exclusi.
942 1008 1020 1070 Sunt
1044 1011 1131 1072 enim
1156 1010 1330 1072 amicorum
1352 1007 1454 1068 etiam
1551 1051 1552 1080 1

214 1111 349 1182 delicta,
373 1111 483 1186 siqua
506 1111 775 1172 inconsideratius
797 1113 891 1181 fiant,
923 1129 993 1172 crim
1026 1113 1144 1174 infecta
1175 1129 1249 1174 esse
1279 1117 1452 1186 nequeant,

214 1217 266 1274 vel
290 1213 448 1275 oblivioni
469 1215 588 1284 danda,
621 1217 675 1274 vel
706 1214 904 1290 aequissima
936 1214 1205 1292 interpretatione
1234 1214 1452 1276 honestanda:

215 1317 248 1375 id
272 1317 355 1391 quod
381 1323 412 1376 et
435 1317 475 1376 de
498 1324 530 1376 te
552 1316 633 1376 milri
657 1317 832 1392 polliceor,
867 1318 896 1377 si
920 1317 1050 1390 quidem
1081 1317 1113 1377 in
1145 1320 1205 1378 hac
1229 1315 1454 1390 satisfactione

214 1418 383 1496 quippiam
405 1418 659 1490 desideraveris,
685 1420 813 1482 etiamsi
834 1420 865 1480 in
884 1421 987 1480 lucem
1003 1420 1181 1497 prodierit,
1210 1423 1329 1480 cavebo
1345 1425 1453 1479 tamen

215 1539 256 1584 ne
286 1524 434 1600 prodeat,
471 1522 535 1584 nisi
566 1524 606 1582 de
634 1528 690 1582 tua
718 1523 877 1584 sententia
914 1531 1009 1584 antea
1041 1523 1159 1584 certior
1190 1525 1311 1584 reddar.
1365 1523 1455 1582 Nunc

215 1627 375 1704 epistolae
390 1636 464 1688 tuae
478 1628 697 1703 respondebo,
722 1643 853 1688 servans
874 1635 906 1688 et
929 1628 1002 1704 ipse
1020 1628 1229 1706 epistolarem
1244 1626 1455 1688 brevitatem:

214 1737 248 1790 tu
270 1729 411 1798 iudicio,
434 1746 495 1804 quo
521 1745 598 1806 prae
622 1729 698 1790 aliis
722 1729 880 1806 singulari
902 1730 1067 1806 praeditus
1087 1748 1138 1799 es,
1162 1729 1334 1790 attentiore
1351 1729 1454 1804 legas.

215 1832 343 1893 Videris
361 1832 445 1893 enim
460 1835 631 1901 hactenus,
651 1839 686 1892 ut
707 1833 808 1893 libere
822 1833 945 1903 dicam,
970 1835 1140 1894 humanum
1156 1832 1306 1908 quiddam
1320 1849 1454 1908 passus:

214 1938 267 1994 vel
292 1943 395 2006 certe,
419 1935 558 1996 nisime
584 1936 690 1997 omnia
714 1938 841 2006 fallant,
871 1945 1013 1998 nostram
1036 1937 1075 1996 de
1098 1935 1302 1998 Errebaristia
1326 1943 1454 1995 senten-

215 2038 292 2098 tiam
315 2041 451 2100 nondum
474 2040 628 2101 habuisse
653 2049 863 2118 perspectam.
921 2041 989 2100 Non
1014 2040 1099 2102 onim
1122 2043 1295 2101 abhorrere
1318 2058 1336 2100 a
1360 2037 1454 2098 uobis

216 2145 399 2218 oportebat,
434 2143 527 2217 quasi
557 2164 674 2204 novum
704 2144 837 2219 aliquod
869 2138 985 2222 dogma
1008 2144 1203 2204 adieramus:
1238 2139 1455 2217 nequeenim

215 2247 267 2303 vel
288 2245 408 2306 Christi
436 2250 565 2307 verbum
596 2267 614 2307 a
642 2246 735 2308 nobis
767 2247 959 2326 negligitur,
995 2250 1044 2306 vel
1076 2249 1200 2310 Patrum
1232 2229 1454 2316 obseruabiles

215 2349 342 2409 termini
380 2369 438 2410 suo
468 2359 634 2411 moventur
668 2354 757 2420 loco,
795 2352 1052 2426 quandoquidem
1082 2371 1100 2411 a
1130 2350 1222 2410 uobis
1257 2347 1453 2418 accuratius

215 2467 308 2526 quam
337 2456 590 2530 vulgo'putant,
624 2441 695 2514 silut
724 2455 810 2514 lecti.
870 2455 969 2516 Dabis
1002 2461 1145 2515 extortae
1176 2455 1451 2532 gloriatiunculae

214 2557 349 2641 vcnmm.
402 2555 480 2617 Sunt
510 2557 608 2618 etiam
640 2557 762 2617 maiore
792 2556 855 2617 fide
886 2577 924 2617 ac
953 2560 1090 2618 candore
1118 2558 1262 2627 tractati,
1293 2573 1387 2632 quarn
1417 2567 1454 2618 ut

216 2660 392 2731 calliditas,
426 2661 478 2720 vel
508 2655 760 2743 γραφοτύραννις
787 2659 928 2721 studium
956 2667 1099 2721 nostrum
1123 2660 1303 2721 existimari
1326 2661 1452 2721 debeat.

214 2762 336 2840 Accipe
359 2765 457 2841 igitur
481 2782 541 2838 qua
565 2765 690 2825 ratione
713 2765 746 2824 in
763 2765 864 2826 sacris
884 2763 1078 2842 ScripturiS,
1101 2773 1133 2825 et
1157 2765 1189 2824 in
1214 2761 1452 2824 ecclesiasticis

216 2867 426 2946 scriptoribus
450 2884 628 2928 versemur:
659 2875 691 2928 et
721 2868 835 2945 opinor
866 2867 1039 2928 consilium
1069 2870 1130 2928 hoc
1152 2875 1296 2928 nostrum
1319 2866 1452 2926 minime
1480 2931 1484 2938 ⁴

215 2978 247 3032 te
271 2971 496 3034 damnaturum.
542 2955 753 3034 lndubitatum
776 2979 885 3034 autem
908 2974 1005 3041 habe,
1037 2991 1094 3034 uos
1126 2985 1326 3045 nequaquam
1349 2971 1452 3030 nostri

216 3073 340 3150 ingenii
361 3074 484 3134 uiribus
507 3076 601 3136 fisos:
633 3075 664 3134 id
689 3077 774 3151 qaod
797 3075 934 3152 primum
958 3095 975 3136 a
999 3073 1156 3151 religiosa
1179 3075 1323 3140 Petrum,
1354 3089 1451 3148 quau-

215 3185 281 3236 tam
303 3177 341 3236 ad
365 3178 443 3237 hanc
467 3193 535 3236 rem
558 3178 714 3253 pertinet,
738 3179 942 3240 observantia
966 3193 1152 3254 cognosces.
1208 3175 1286 3235 llam
1308 3175 1363 3234 nbi
1387 3195 1452 3238 anr-

213 3281 344 3358 biguum
368 3289 399 3341 et
421 3283 589 3342 obscurum
607 3300 644 3342 ac
662 3283 824 3344 coucisum
844 3282 992 3357 quiddam
1016 3279 1136 3341 alicubi
1155 3278 1306 3348 scribunt,
1331 3297 1451 3355 operae

215 3385 354 3462 pretium
377 3384 542 3455 duximuS,
572 3402 788 3460 eorumquae
813 3385 954 3447 scribunt
985 3392 1104 3446 certam
1133 3389 1272 3444 mentem
1297 3399 1334 3444 ex
1358 3401 1450 3460 aper-

215 3488 352 3574 tissimis
376 3489 587 3564 ipsorummet
615 3487 886 3548 declarationibus
917 3503 1121 3564 cognoscere.
1169 3485 1253 3556 Quid
1274 3489 1352 3556 hoc,
1383 3508 1451 3556 oro,

214 3593 288 3654 viae
313 3592 501 3667 compendio
525 3587 651 3652 tulius?
690 3589 808 3666 Utique
832 3598 950 3650 rectum
975 3593 1093 3651 lactum
1114 3589 1235 3650 fateris.
1271 3589 1355 3649 Ecce
1379 3609 1450 3666 pas-

216 3696 276 3756 sim
307 3695 435 3756 obnium
467 3682 530 3764 est,
567 3695 650 3768 quod
681 3695 917 3755 Sacramentum
956 3693 1101 3770 corporis
1134 3688 1253 3754 Christi
1286 3695 1389 3771 ψιλῶς
1420 3701 1451 3780 et

216 3799 287 3860 sine
310 3798 524 3860 additamento
550 3799 671 3873 Corpus
695 3805 728 3857 et
750 3798 939 3874 sanguinem
964 3798 1084 3860 Christi
1109 3797 1308 3874 appellitant.
1344 3797 1448 3867 Quon-

216 3901 280 3962 iam
301 3908 415 3962 ,autem
446 3899 607 3960 contentio
639 3907 709 3960 orta
732 3907 798 3970 est,
833 3901 909 3976 quid
940 3902 979 3962 de
1012 3919 1049 3962 eo
1074 3901 1278 3962 Sacramenta
1310 3900 1450 3962 sentien-

215 4007 306 4072 dum,
329 4021 433 4064 nonne
457 4004 630 4080 prudenter
655 4019 692 4062 eo
718 4003 928 4074 recurrimus,
952 4005 1007 4066 ubi
1031 4003 1206 4065 dilucidius
1232 4010 1263 4062 et
1284 4002 1450 4079 copiosius

216 4110 255 4170 de
278 4111 339 4168 hoc
362 4104 519 4167 tractant?
556 4107 641 4182 quod
672 4113 704 4166 et
733 4106 868 4168 fecimus
899 4128 962 4168 non
992 4109 1065 4169 sine
1093 4105 1216 4166 iudicio
1246 4125 1284 4166 ac
1312 4105 1451 4174 delectu,

217 4211 312 4272 obvia
336 4227 483 4286 quaeque
507 4210 707 4271 devorantes.
752 4211 807 4272 Est
830 4210 913 4271 inter
937 4211 1019 4272 alios
1043 4209 1271 4287 applausibilis
1294 4209 1389 4287 fidei,
1420 4217 1451 4268 et

216 4311 378 4374 dilucidae
410 4313 620 4374 enarrationis
657 4313 811 4390 scriptor,
850 4312 1048 4390 Arrgirstinus
1083 4310 1318 4389 Hipponensis,
1354 4325 1451 4385 quem

215 4434 312 4492 super
341 4419 401 4476 hac
431 4435 528 4476 causa
547 4424 582 4476 ut
605 4418 805 4487 audiremus,
835 4417 966 4494 dignum
990 4414 1214 4476 iudicavimus.
1260 4415 1451 4484 Persuasum

215 4519 299 4580 enirn
324 4528 388 4589 est,
413 4517 442 4579 si
466 4519 522 4578 illc
547 4522 633 4580 clarc
657 4521 825 4590 nobiscum
847 4519 956 4587 faciat,
980 4517 1167 4592 neutiquam
1184 4515 1309 4578 anobis
1326 4515 1449 4575 disscn·

215 4641 322 4692 suros,
348 4630 504 4702 quotquot
527 4621 617 4684 illurn
642 4629 884 4684 antecesserunt
908 4621 1104 4682 orthodoxos
1123 4621 1298 4685 Doctores,
1320 4615 1450 4690 quibus·
